%YAML 1.1
%TAG !u! tag:unity3d.com,2011:
--- !u!29 &1
SceneSettings:
  m_ObjectHideFlags: 0
  m_PVSData: 
  m_PVSObjectsArray: []
  m_PVSPortalsArray: []
  m_OcclusionBakeSettings:
    smallestOccluder: 5
    smallestHole: .25
    backfaceThreshold: 100
--- !u!104 &2
RenderSettings:
  m_ObjectHideFlags: 0
  serializedVersion: 6
  m_Fog: 0
  m_FogColor: {r: .5, g: .5, b: .5, a: 1}
  m_FogMode: 3
  m_FogDensity: .00999999978
  m_LinearFogStart: 0
  m_LinearFogEnd: 300
  m_AmbientSkyColor: {r: .282871932, g: .243295848, b: .441176474, a: 1}
  m_AmbientEquatorColor: {r: .114, g: .125, b: .133000001, a: 1}
  m_AmbientGroundColor: {r: .0469999984, g: .0430000015, b: .0350000001, a: 1}
  m_AmbientIntensity: 1
  m_AmbientMode: 3
  m_SkyboxMaterial: {fileID: 10304, guid: 0000000000000000f000000000000000, type: 0}
  m_HaloStrength: .5
  m_FlareStrength: 1
  m_FlareFadeSpeed: 3
  m_HaloTexture: {fileID: 0}
  m_SpotCookie: {fileID: 10001, guid: 0000000000000000e000000000000000, type: 0}
  m_DefaultReflectionMode: 0
  m_DefaultReflectionResolution: 128
  m_ReflectionBounces: 1
  m_ReflectionIntensity: 1
  m_CustomReflection: {fileID: 0}
  m_Sun: {fileID: 0}
--- !u!157 &4
LightmapSettings:
  m_ObjectHideFlags: 0
  serializedVersion: 5
  m_GIWorkflowMode: 1
  m_LightmapsMode: 1
  m_GISettings:
    serializedVersion: 2
    m_BounceScale: 1
    m_IndirectOutputScale: 1
    m_AlbedoBoost: 1
    m_TemporalCoherenceThreshold: 1
    m_EnvironmentLightingMode: 0
    m_EnableBakedLightmaps: 0
    m_EnableRealtimeLightmaps: 1
  m_LightmapEditorSettings:
    serializedVersion: 3
    m_Resolution: .5
    m_BakeResolution: 40
    m_TextureWidth: 1024
    m_TextureHeight: 1024
    m_AOMaxDistance: 1
    m_Padding: 2
    m_CompAOExponent: 0
    m_LightmapParameters: {fileID: 0}
    m_TextureCompression: 1
    m_FinalGather: 0
    m_FinalGatherRayCount: 1024
    m_ReflectionCompression: 2
  m_LightmapSnapshot: {fileID: 112000104, guid: 2fa54704580fa2f4fb332541a862d695,
    type: 2}
  m_RuntimeCPUUsage: 25
--- !u!196 &5
NavMeshSettings:
  serializedVersion: 2
  m_ObjectHideFlags: 0
  m_BuildSettings:
    serializedVersion: 2
    agentRadius: .5
    agentHeight: 2
    agentSlope: 45
    agentClimb: .400000006
    ledgeDropHeight: 0
    maxJumpAcrossDistance: 0
    accuratePlacement: 0
    minRegionArea: 2
    cellSize: .166666672
    manualCellSize: 0
  m_NavMeshData: {fileID: 0}
--- !u!1001 &5434211
Prefab:
  m_ObjectHideFlags: 0
  serializedVersion: 2
  m_Modification:
    m_TransformParent: {fileID: 0}
    m_Modifications:
    - target: {fileID: 488768, guid: 183efcf82b9d4fe47aa9ffcbfd1289e8, type: 2}
      propertyPath: m_LocalPosition.x
      value: -17.9899998
      objectReference: {fileID: 0}
    - target: {fileID: 488768, guid: 183efcf82b9d4fe47aa9ffcbfd1289e8, type: 2}
      propertyPath: m_LocalPosition.y
      value: 0
      objectReference: {fileID: 0}
    - target: {fileID: 488768, guid: 183efcf82b9d4fe47aa9ffcbfd1289e8, type: 2}
      propertyPath: m_LocalPosition.z
      value: 15.8299999
      objectReference: {fileID: 0}
    - target: {fileID: 488768, guid: 183efcf82b9d4fe47aa9ffcbfd1289e8, type: 2}
      propertyPath: m_LocalRotation.x
      value: 0
      objectReference: {fileID: 0}
    - target: {fileID: 488768, guid: 183efcf82b9d4fe47aa9ffcbfd1289e8, type: 2}
      propertyPath: m_LocalRotation.y
      value: 0
      objectReference: {fileID: 0}
    - target: {fileID: 488768, guid: 183efcf82b9d4fe47aa9ffcbfd1289e8, type: 2}
      propertyPath: m_LocalRotation.z
      value: 0
      objectReference: {fileID: 0}
    - target: {fileID: 488768, guid: 183efcf82b9d4fe47aa9ffcbfd1289e8, type: 2}
      propertyPath: m_LocalRotation.w
      value: 1
      objectReference: {fileID: 0}
    - target: {fileID: 488768, guid: 183efcf82b9d4fe47aa9ffcbfd1289e8, type: 2}
      propertyPath: m_RootOrder
      value: 1
      objectReference: {fileID: 0}
    m_RemovedComponents: []
  m_ParentPrefab: {fileID: 100100000, guid: 183efcf82b9d4fe47aa9ffcbfd1289e8, type: 2}
  m_IsPrefabParent: 0
--- !u!1 &194018015
GameObject:
  m_ObjectHideFlags: 0
  m_PrefabParentObject: {fileID: 0}
  m_PrefabInternal: {fileID: 0}
  serializedVersion: 4
  m_Component:
  - 4: {fileID: 194018016}
  - 114: {fileID: 194018017}
  m_Layer: 0
  m_Name: spawnPosition1
  m_TagString: Untagged
  m_Icon: {fileID: 0}
  m_NavMeshLayer: 0
  m_StaticEditorFlags: 0
  m_IsActive: 1
--- !u!4 &194018016
Transform:
  m_ObjectHideFlags: 0
  m_PrefabParentObject: {fileID: 0}
  m_PrefabInternal: {fileID: 0}
  m_GameObject: {fileID: 194018015}
  m_LocalRotation: {x: 0, y: -1, z: 0, w: -1.62920685e-07}
  m_LocalPosition: {x: -3, y: 0, z: 30}
  m_LocalScale: {x: 1, y: 1, z: 1}
  m_Children: []
  m_Father: {fileID: 0}
  m_RootOrder: 2
--- !u!114 &194018017
MonoBehaviour:
  m_ObjectHideFlags: 0
  m_PrefabParentObject: {fileID: 0}
  m_PrefabInternal: {fileID: 0}
  m_GameObject: {fileID: 194018015}
  m_Enabled: 1
  m_EditorHideFlags: 0
  m_Script: {fileID: -1050975500, guid: 870353891bb340e2b2a9c8707e7419ba, type: 3}
  m_Name: 
  m_EditorClassIdentifier: 
--- !u!1 &223292190
GameObject:
  m_ObjectHideFlags: 0
  m_PrefabParentObject: {fileID: 0}
  m_PrefabInternal: {fileID: 0}
  serializedVersion: 4
  m_Component:
  - 224: {fileID: 223292191}
  - 222: {fileID: 223292194}
  - 114: {fileID: 223292193}
  - 114: {fileID: 223292192}
  m_Layer: 5
  m_Name: MessageText
  m_TagString: Untagged
  m_Icon: {fileID: 0}
  m_NavMeshLayer: 0
  m_StaticEditorFlags: 0
  m_IsActive: 1
--- !u!224 &223292191
RectTransform:
  m_ObjectHideFlags: 0
  m_PrefabParentObject: {fileID: 0}
  m_PrefabInternal: {fileID: 0}
  m_GameObject: {fileID: 223292190}
  m_LocalRotation: {x: 0, y: 0, z: 0, w: 1}
  m_LocalPosition: {x: 0, y: 0, z: 0}
  m_LocalScale: {x: 1, y: 1, z: 1}
  m_Children: []
  m_Father: {fileID: 575313012}
  m_RootOrder: 2
  m_AnchorMin: {x: 0, y: 0}
  m_AnchorMax: {x: 1, y: 1}
  m_AnchoredPosition: {x: 0, y: 0}
  m_SizeDelta: {x: 0, y: 0}
  m_Pivot: {x: .5, y: .5}
--- !u!114 &223292192
MonoBehaviour:
  m_ObjectHideFlags: 0
  m_PrefabParentObject: {fileID: 0}
  m_PrefabInternal: {fileID: 0}
  m_GameObject: {fileID: 223292190}
  m_Enabled: 1
  m_EditorHideFlags: 0
  m_Script: {fileID: 1573420865, guid: f5f67c52d1564df4a8936ccd202a3bd8, type: 3}
  m_Name: 
  m_EditorClassIdentifier: 
  m_EffectColor: {r: .447058856, g: .278431386, b: .156862751, a: .5}
  m_EffectDistance: {x: -3, y: -3}
  m_UseGraphicAlpha: 1
--- !u!114 &223292193
MonoBehaviour:
  m_ObjectHideFlags: 0
  m_PrefabParentObject: {fileID: 0}
  m_PrefabInternal: {fileID: 0}
  m_GameObject: {fileID: 223292190}
  m_Enabled: 1
  m_EditorHideFlags: 0
  m_Script: {fileID: 708705254, guid: f5f67c52d1564df4a8936ccd202a3bd8, type: 3}
  m_Name: 
  m_EditorClassIdentifier: 
  m_Material: {fileID: 0}
  m_Color: {r: 1, g: 1, b: 1, a: 1}
  m_RaycastTarget: 1
  m_OnCullStateChanged:
    m_PersistentCalls:
      m_Calls: []
    m_TypeName: UnityEngine.UI.MaskableGraphic+CullStateChangedEvent, UnityEngine.UI,
      Version=1.0.0.0, Culture=neutral, PublicKeyToken=null
  m_FontData:
    m_Font: {fileID: 12800000, guid: 3d7fe0a26ba72d949874021dc3d6995e, type: 3}
    m_FontSize: 50
    m_FontStyle: 0
    m_BestFit: 1
    m_MinSize: 10
    m_MaxSize: 60
    m_Alignment: 4
    m_RichText: 1
    m_HorizontalOverflow: 0
    m_VerticalOverflow: 0
    m_LineSpacing: 1
  m_Text: 
--- !u!222 &223292194
CanvasRenderer:
  m_ObjectHideFlags: 0
  m_PrefabParentObject: {fileID: 0}
  m_PrefabInternal: {fileID: 0}
  m_GameObject: {fileID: 223292190}
--- !u!1 &239484999
GameObject:
  m_ObjectHideFlags: 0
  m_PrefabParentObject: {fileID: 0}
  m_PrefabInternal: {fileID: 0}
  serializedVersion: 4
  m_Component:
  - 4: {fileID: 239485000}
  - 20: {fileID: 239485009}
  - 92: {fileID: 239485008}
  - 124: {fileID: 239485007}
  - 114: {fileID: 239485005}
  - 114: {fileID: 239485004}
  - 114: {fileID: 239485003}
  - 114: {fileID: 239485002}
  - 114: {fileID: 239485001}
  m_Layer: 0
  m_Name: dupli camera
  m_TagString: MainCamera
  m_Icon: {fileID: 0}
  m_NavMeshLayer: 0
  m_StaticEditorFlags: 0
  m_IsActive: 1
--- !u!4 &239485000
Transform:
  m_ObjectHideFlags: 0
  m_PrefabParentObject: {fileID: 0}
  m_PrefabInternal: {fileID: 0}
  m_GameObject: {fileID: 239484999}
  m_LocalRotation: {x: 0, y: 0, z: 0, w: 1}
  m_LocalPosition: {x: 0, y: -0, z: 0}
  m_LocalScale: {x: 1, y: 1, z: 1}
  m_Children: []
  m_Father: {fileID: 1391056264}
  m_RootOrder: 0
--- !u!114 &239485001
MonoBehaviour:
  m_ObjectHideFlags: 0
  m_PrefabParentObject: {fileID: 0}
  m_PrefabInternal: {fileID: 0}
  m_GameObject: {fileID: 239484999}
  m_Enabled: 0
  m_EditorHideFlags: 0
  m_Script: {fileID: 11500000, guid: 1fd999d1b2cf94a45a5b0a47ce074bef, type: 3}
  m_Name: 
  m_EditorClassIdentifier: 
  redChannel:
    serializedVersion: 2
    m_Curve:
    - time: -.0591580123
      value: .0419318192
      inSlope: .9173522
      outSlope: .9173522
      tangentMode: 10
    - time: .991488755
      value: 1.00574493
      inSlope: .9173522
      outSlope: .9173522
      tangentMode: 10
    m_PreInfinity: 2
    m_PostInfinity: 2
  greenChannel:
    serializedVersion: 2
    m_Curve:
    - time: 0
      value: 0
      inSlope: 1.03810883
      outSlope: 1.03810883
      tangentMode: 10
    - time: .446911007
      value: .46394226
      inSlope: 1.04744446
      outSlope: 1.04744446
      tangentMode: 10
    - time: .954166651
      value: 1
      inSlope: 1.0567801
      outSlope: 1.0567801
      tangentMode: 10
    m_PreInfinity: 2
    m_PostInfinity: 2
  blueChannel:
    serializedVersion: 2
    m_Curve:
    - time: 0
      value: 0
      inSlope: 1.20967782
      outSlope: 1.20967782
      tangentMode: 10
    - time: .0894230604
      value: .108173087
      inSlope: 1.14791441
      outSlope: 1.14791441
      tangentMode: 10
    - time: .461959273
      value: .512803614
      inSlope: .995825887
      outSlope: .995825887
      tangentMode: 10
    - time: 1
      value: 1
      inSlope: .905500889
      outSlope: .905500889
      tangentMode: 10
    m_PreInfinity: 2
    m_PostInfinity: 2
  useDepthCorrection: 0
  zCurve:
    serializedVersion: 2
    m_Curve:
    - time: 0
      value: 0
      inSlope: 0
      outSlope: 0
      tangentMode: 0
    - time: 1
      value: 1
      inSlope: 0
      outSlope: 0
      tangentMode: 0
    m_PreInfinity: 2
    m_PostInfinity: 2
  depthRedChannel:
    serializedVersion: 2
    m_Curve:
    - time: 0
      value: 0
      inSlope: 0
      outSlope: 0
      tangentMode: 0
    - time: 1
      value: 1
      inSlope: 0
      outSlope: 0
      tangentMode: 0
    m_PreInfinity: 2
    m_PostInfinity: 2
  depthGreenChannel:
    serializedVersion: 2
    m_Curve:
    - time: 0
      value: 0
      inSlope: 0
      outSlope: 0
      tangentMode: 0
    - time: 1
      value: 1
      inSlope: 0
      outSlope: 0
      tangentMode: 0
    m_PreInfinity: 2
    m_PostInfinity: 2
  depthBlueChannel:
    serializedVersion: 2
    m_Curve:
    - time: 0
      value: 0
      inSlope: 0
      outSlope: 0
      tangentMode: 0
    - time: 1
      value: 1
      inSlope: 0
      outSlope: 0
      tangentMode: 0
    m_PreInfinity: 2
    m_PostInfinity: 2
  saturation: 1
  selectiveCc: 0
  selectiveFromColor: {r: .882352948, g: .876491487, b: .0324394256, a: 1}
  selectiveToColor: {r: 1, g: 1, b: 1, a: 1}
  mode: 0
  updateTextures: 1
  colorCorrectionCurvesShader: {fileID: 4800000, guid: 62bcade1028c24ca1a39760ed84b9487,
    type: 3}
  simpleColorCorrectionCurvesShader: {fileID: 4800000, guid: 438ddd58d82c84d9eb1fdc56111702e1,
    type: 3}
  colorCorrectionSelectiveShader: {fileID: 4800000, guid: e515e0f94cefc4c0db54b45cba621544,
    type: 3}
--- !u!114 &239485002
MonoBehaviour:
  m_ObjectHideFlags: 0
  m_PrefabParentObject: {fileID: 0}
  m_PrefabInternal: {fileID: 0}
  m_GameObject: {fileID: 239484999}
  m_Enabled: 0
  m_EditorHideFlags: 0
  m_Script: {fileID: 11500000, guid: dd6d4281e5d7cd44d8c6e38bc2c1b8d8, type: 3}
  m_Name: 
  m_EditorClassIdentifier: 
  mode: 0
  intensity: 2
  chromaticAberration: .850000024
  axialAberration: .5
  blur: .349999994
  blurSpread: .75
  luminanceDependency: .25
  blurDistance: 2.5
  vignetteShader: {fileID: 4800000, guid: 627943dc7a9a74286b70a4f694a0acd5, type: 3}
  separableBlurShader: {fileID: 4800000, guid: e97c14fbb5ea04c3a902cc533d7fc5d1, type: 3}
  chromAberrationShader: {fileID: 4800000, guid: 2b4f29398d9484ccfa9fd220449f5eee,
    type: 3}
--- !u!114 &239485003
MonoBehaviour:
  m_ObjectHideFlags: 0
  m_PrefabParentObject: {fileID: 0}
  m_PrefabInternal: {fileID: 0}
  m_GameObject: {fileID: 239484999}
  m_Enabled: 0
  m_EditorHideFlags: 0
  m_Script: {fileID: 11500000, guid: a22b3a7095a744a428c134b5e26ad68e, type: 3}
  m_Name: 
  m_EditorClassIdentifier: 
  mode: 0
  quality: 1
  blurArea: 1.5
  maxBlurSize: 20
  downsample: 1
  tiltShiftShader: {fileID: 4800000, guid: bf34d2a25450349699e8ae6456fa7ca9, type: 3}
--- !u!114 &239485004
MonoBehaviour:
  m_ObjectHideFlags: 0
  m_PrefabParentObject: {fileID: 0}
  m_PrefabInternal: {fileID: 0}
  m_GameObject: {fileID: 239484999}
  m_Enabled: 0
  m_EditorHideFlags: 0
  m_Script: {fileID: 11500000, guid: 7fceaeb339b971b429c4cc600acabd13, type: 3}
  m_Name: 
  m_EditorClassIdentifier: 
  tweakMode: 0
  screenBlendMode: 1
  hdr: 2
  sepBlurSpread: 2.5
  quality: 1
  bloomIntensity: .5
  bloomThreshold: .699999988
  bloomThresholdColor: {r: 1, g: 1, b: 1, a: 1}
  bloomBlurIterations: 2
  hollywoodFlareBlurIterations: 2
  flareRotation: 0
  lensflareMode: 1
  hollyStretchWidth: 2.5
  lensflareIntensity: 0
  lensflareThreshold: .300000012
  lensFlareSaturation: .75
  flareColorA: {r: .400000006, g: .400000006, b: .800000012, a: .75}
  flareColorB: {r: .400000006, g: .800000012, b: .800000012, a: .75}
  flareColorC: {r: .800000012, g: .400000006, b: .800000012, a: .75}
  flareColorD: {r: .800000012, g: .400000006, b: 0, a: .75}
  lensFlareVignetteMask: {fileID: 2800000, guid: 95ef4804fe0be4c999ddaa383536cde8,
    type: 3}
  lensFlareShader: {fileID: 4800000, guid: 459fe69d2f6d74ddb92f04dbf45a866b, type: 3}
  screenBlendShader: {fileID: 4800000, guid: 7856cbff0a0ca45c787d5431eb805bb0, type: 3}
  blurAndFlaresShader: {fileID: 4800000, guid: be6e39cf196f146d5be72fbefb18ed75, type: 3}
  brightPassFilterShader: {fileID: 4800000, guid: 0aeaa4cb29f5d4e9c8455f04c8575c8c,
    type: 3}
--- !u!114 &239485005
MonoBehaviour:
  m_ObjectHideFlags: 0
  m_PrefabParentObject: {fileID: 0}
  m_PrefabInternal: {fileID: 0}
  m_GameObject: {fileID: 239484999}
  m_Enabled: 0
  m_EditorHideFlags: 0
  m_Script: {fileID: 11500000, guid: b0923359e9e352a4b9b11c7b7161ad67, type: 3}
  m_Name: 
  m_EditorClassIdentifier: 
  m_Radius: 1
  m_SampleCount: 2
  m_OcclusionIntensity: .649999976
  m_Blur: 1
  m_Downsampling: 1
  m_OcclusionAttenuation: 1
  m_MinZ: .00999999978
  m_SSAOShader: {fileID: 4800000, guid: 43ca18288c424f645aaa1e9e07f04c50, type: 3}
  m_RandomTexture: {fileID: 2800000, guid: a181ca8e3c62f3e4b8f183f6c586b032, type: 3}
--- !u!124 &239485007
Behaviour:
  m_ObjectHideFlags: 0
  m_PrefabParentObject: {fileID: 0}
  m_PrefabInternal: {fileID: 0}
  m_GameObject: {fileID: 239484999}
  m_Enabled: 1
--- !u!92 &239485008
Behaviour:
  m_ObjectHideFlags: 0
  m_PrefabParentObject: {fileID: 0}
  m_PrefabInternal: {fileID: 0}
  m_GameObject: {fileID: 239484999}
  m_Enabled: 1
--- !u!20 &239485009
Camera:
  m_ObjectHideFlags: 0
  m_PrefabParentObject: {fileID: 0}
  m_PrefabInternal: {fileID: 0}
  m_GameObject: {fileID: 239484999}
  m_Enabled: 1
  serializedVersion: 2
  m_ClearFlags: 4
  m_BackGroundColor: {r: .419607878, g: .294117659, b: .129411772, a: .0196078438}
  m_NormalizedViewPortRect:
    serializedVersion: 2
    x: 0
    y: 0
    width: 1
    height: 1
  near clip plane: .300000012
  far clip plane: 1000
  field of view: 60
  orthographic: 1
  orthographic size: 10
  m_Depth: 1
  m_CullingMask:
    serializedVersion: 2
    m_Bits: 1024
  m_RenderingPath: -1
  m_TargetTexture: {fileID: 0}
  m_TargetDisplay: 0
  m_TargetEye: 3
  m_HDR: 0
  m_OcclusionCulling: 1
  m_StereoConvergence: 10
  m_StereoSeparation: .0219999999
  m_StereoMirrorMode: 0
--- !u!1 &311090486
GameObject:
  m_ObjectHideFlags: 0
  m_PrefabParentObject: {fileID: 0}
  m_PrefabInternal: {fileID: 0}
  serializedVersion: 4
  m_Component:
  - 224: {fileID: 311090487}
  - 222: {fileID: 311090489}
  - 114: {fileID: 311090488}
  - 114: {fileID: 311090490}
  m_Layer: 5
  m_Name: LoadingText
  m_TagString: Untagged
  m_Icon: {fileID: 0}
  m_NavMeshLayer: 0
  m_StaticEditorFlags: 0
  m_IsActive: 1
--- !u!224 &311090487
RectTransform:
  m_ObjectHideFlags: 0
  m_PrefabParentObject: {fileID: 0}
  m_PrefabInternal: {fileID: 0}
  m_GameObject: {fileID: 311090486}
  m_LocalRotation: {x: 0, y: 0, z: 0, w: 1}
  m_LocalPosition: {x: 0, y: 0, z: 0}
  m_LocalScale: {x: 1, y: 1, z: 1}
  m_Children: []
  m_Father: {fileID: 1423439974}
  m_RootOrder: 0
  m_AnchorMin: {x: .5, y: 0}
  m_AnchorMax: {x: .5, y: 0}
  m_AnchoredPosition: {x: 0, y: 0}
  m_SizeDelta: {x: 330.100006, y: 133.600006}
  m_Pivot: {x: .5, y: 0}
--- !u!114 &311090488
MonoBehaviour:
  m_ObjectHideFlags: 0
  m_PrefabParentObject: {fileID: 0}
  m_PrefabInternal: {fileID: 0}
  m_GameObject: {fileID: 311090486}
  m_Enabled: 1
  m_EditorHideFlags: 0
  m_Script: {fileID: 708705254, guid: f5f67c52d1564df4a8936ccd202a3bd8, type: 3}
  m_Name: 
  m_EditorClassIdentifier: 
  m_Material: {fileID: 0}
  m_Color: {r: 1, g: 1, b: 1, a: 1}
  m_RaycastTarget: 1
  m_OnCullStateChanged:
    m_PersistentCalls:
      m_Calls: []
    m_TypeName: UnityEngine.UI.MaskableGraphic+CullStateChangedEvent, UnityEngine.UI,
      Version=1.0.0.0, Culture=neutral, PublicKeyToken=null
  m_FontData:
    m_Font: {fileID: 12800000, guid: 3d7fe0a26ba72d949874021dc3d6995e, type: 3}
    m_FontSize: 32
    m_FontStyle: 0
    m_BestFit: 0
    m_MinSize: 10
    m_MaxSize: 40
    m_Alignment: 4
    m_RichText: 1
    m_HorizontalOverflow: 0
    m_VerticalOverflow: 0
    m_LineSpacing: 1
  m_Text: LOADING
--- !u!222 &311090489
CanvasRenderer:
  m_ObjectHideFlags: 0
  m_PrefabParentObject: {fileID: 0}
  m_PrefabInternal: {fileID: 0}
  m_GameObject: {fileID: 311090486}
--- !u!114 &311090490
MonoBehaviour:
  m_ObjectHideFlags: 0
  m_PrefabParentObject: {fileID: 0}
  m_PrefabInternal: {fileID: 0}
  m_GameObject: {fileID: 311090486}
  m_Enabled: 1
  m_EditorHideFlags: 0
  m_Script: {fileID: 1573420865, guid: f5f67c52d1564df4a8936ccd202a3bd8, type: 3}
  m_Name: 
  m_EditorClassIdentifier: 
  m_EffectColor: {r: .447058827, g: .278431386, b: .156862751, a: .368999988}
  m_EffectDistance: {x: -3, y: -3}
  m_UseGraphicAlpha: 1
--- !u!1 &319993451
GameObject:
  m_ObjectHideFlags: 0
  m_PrefabParentObject: {fileID: 0}
  m_PrefabInternal: {fileID: 0}
  serializedVersion: 4
  m_Component:
  - 224: {fileID: 319993454}
  - 222: {fileID: 319993453}
  - 114: {fileID: 319993452}
  m_Layer: 5
  m_Name: Max score
  m_TagString: Untagged
  m_Icon: {fileID: 0}
  m_NavMeshLayer: 0
  m_StaticEditorFlags: 0
  m_IsActive: 1
--- !u!114 &319993452
MonoBehaviour:
  m_ObjectHideFlags: 0
  m_PrefabParentObject: {fileID: 0}
  m_PrefabInternal: {fileID: 0}
  m_GameObject: {fileID: 319993451}
  m_Enabled: 1
  m_EditorHideFlags: 0
  m_Script: {fileID: 708705254, guid: f5f67c52d1564df4a8936ccd202a3bd8, type: 3}
  m_Name: 
  m_EditorClassIdentifier: 
  m_Material: {fileID: 0}
  m_Color: {r: 1, g: 1, b: 1, a: 1}
  m_RaycastTarget: 1
  m_OnCullStateChanged:
    m_PersistentCalls:
      m_Calls: []
    m_TypeName: UnityEngine.UI.MaskableGraphic+CullStateChangedEvent, UnityEngine.UI,
      Version=1.0.0.0, Culture=neutral, PublicKeyToken=null
  m_FontData:
    m_Font: {fileID: 12800000, guid: 3d7fe0a26ba72d949874021dc3d6995e, type: 3}
    m_FontSize: 14
    m_FontStyle: 0
    m_BestFit: 0
    m_MinSize: 10
    m_MaxSize: 40
    m_Alignment: 1
    m_RichText: 1
    m_HorizontalOverflow: 0
    m_VerticalOverflow: 0
    m_LineSpacing: 1
  m_Text: 'first to 100

    WINS'
--- !u!222 &319993453
CanvasRenderer:
  m_ObjectHideFlags: 0
  m_PrefabParentObject: {fileID: 0}
  m_PrefabInternal: {fileID: 0}
  m_GameObject: {fileID: 319993451}
--- !u!224 &319993454
RectTransform:
  m_ObjectHideFlags: 0
  m_PrefabParentObject: {fileID: 0}
  m_PrefabInternal: {fileID: 0}
  m_GameObject: {fileID: 319993451}
  m_LocalRotation: {x: 0, y: 0, z: 0, w: 1}
  m_LocalPosition: {x: 0, y: 0, z: 0}
  m_LocalScale: {x: 1.42274928, y: 2.18929458, z: 2.33165264}
  m_Children: []
  m_Father: {fileID: 1351158238}
  m_RootOrder: 0
  m_AnchorMin: {x: .5, y: .5}
  m_AnchorMax: {x: .5, y: .5}
  m_AnchoredPosition: {x: 1.28050911, y: -3.94064331}
  m_SizeDelta: {x: 160, y: 48}
  m_Pivot: {x: .5, y: .5}
--- !u!1 &575313008
GameObject:
  m_ObjectHideFlags: 0
  m_PrefabParentObject: {fileID: 0}
  m_PrefabInternal: {fileID: 0}
  serializedVersion: 4
  m_Component:
  - 224: {fileID: 575313012}
  - 223: {fileID: 575313011}
  - 114: {fileID: 575313010}
  - 114: {fileID: 575313009}
  m_Layer: 5
  m_Name: MessageCanvas
  m_TagString: Untagged
  m_Icon: {fileID: 0}
  m_NavMeshLayer: 0
  m_StaticEditorFlags: 0
  m_IsActive: 1
--- !u!114 &575313009
MonoBehaviour:
  m_ObjectHideFlags: 0
  m_PrefabParentObject: {fileID: 0}
  m_PrefabInternal: {fileID: 0}
  m_GameObject: {fileID: 575313008}
  m_Enabled: 1
  m_EditorHideFlags: 0
  m_Script: {fileID: 1301386320, guid: f5f67c52d1564df4a8936ccd202a3bd8, type: 3}
  m_Name: 
  m_EditorClassIdentifier: 
  m_IgnoreReversedGraphics: 1
  m_BlockingObjects: 0
  m_BlockingMask:
    serializedVersion: 2
    m_Bits: 4294967295
--- !u!114 &575313010
MonoBehaviour:
  m_ObjectHideFlags: 0
  m_PrefabParentObject: {fileID: 0}
  m_PrefabInternal: {fileID: 0}
  m_GameObject: {fileID: 575313008}
  m_Enabled: 1
  m_EditorHideFlags: 0
  m_Script: {fileID: 1980459831, guid: f5f67c52d1564df4a8936ccd202a3bd8, type: 3}
  m_Name: 
  m_EditorClassIdentifier: 
  m_UiScaleMode: 0
  m_ReferencePixelsPerUnit: 100
  m_ScaleFactor: 1
  m_ReferenceResolution: {x: 800, y: 600}
  m_ScreenMatchMode: 0
  m_MatchWidthOrHeight: 0
  m_PhysicalUnit: 3
  m_FallbackScreenDPI: 96
  m_DefaultSpriteDPI: 96
  m_DynamicPixelsPerUnit: 1
--- !u!223 &575313011
Canvas:
  m_ObjectHideFlags: 0
  m_PrefabParentObject: {fileID: 0}
  m_PrefabInternal: {fileID: 0}
  m_GameObject: {fileID: 575313008}
  m_Enabled: 1
  serializedVersion: 2
  m_RenderMode: 0
  m_Camera: {fileID: 0}
  m_PlaneDistance: 100
  m_PixelPerfect: 0
  m_ReceivesEvents: 1
  m_OverrideSorting: 0
  m_OverridePixelPerfect: 0
  m_SortingLayerID: 0
  m_SortingOrder: 0
--- !u!224 &575313012
RectTransform:
  m_ObjectHideFlags: 0
  m_PrefabParentObject: {fileID: 0}
  m_PrefabInternal: {fileID: 0}
  m_GameObject: {fileID: 575313008}
  m_LocalRotation: {x: 0, y: 0, z: 0, w: 1}
  m_LocalPosition: {x: 0, y: 0, z: 0}
  m_LocalScale: {x: 0, y: 0, z: 0}
  m_Children:
  - {fileID: 1423439974}
  - {fileID: 2043816360}
  - {fileID: 223292191}
  m_Father: {fileID: 0}
  m_RootOrder: 9
  m_AnchorMin: {x: 0, y: 0}
  m_AnchorMax: {x: 0, y: 0}
  m_AnchoredPosition: {x: 0, y: 0}
  m_SizeDelta: {x: 0, y: 0}
  m_Pivot: {x: 0, y: 0}
--- !u!1 &643045824
GameObject:
  m_ObjectHideFlags: 0
  m_PrefabParentObject: {fileID: 0}
  m_PrefabInternal: {fileID: 0}
  serializedVersion: 4
  m_Component:
  - 224: {fileID: 643045825}
  - 222: {fileID: 643045827}
  - 114: {fileID: 643045826}
  m_Layer: 5
  m_Name: player1
  m_TagString: Untagged
  m_Icon: {fileID: 0}
  m_NavMeshLayer: 0
  m_StaticEditorFlags: 0
  m_IsActive: 1
--- !u!224 &643045825
RectTransform:
  m_ObjectHideFlags: 0
  m_PrefabParentObject: {fileID: 0}
  m_PrefabInternal: {fileID: 0}
  m_GameObject: {fileID: 643045824}
  m_LocalRotation: {x: 0, y: 0, z: 0, w: 1}
  m_LocalPosition: {x: 0, y: 0, z: 0}
  m_LocalScale: {x: 1.58278728, y: 4.0038414, z: 1.58278728}
  m_Children: []
  m_Father: {fileID: 1086650245}
  m_RootOrder: 0
  m_AnchorMin: {x: .5, y: .5}
  m_AnchorMax: {x: .5, y: .5}
  m_AnchoredPosition: {x: .791397095, y: -.400421143}
  m_SizeDelta: {x: 160, y: 30}
  m_Pivot: {x: .5, y: .5}
--- !u!114 &643045826
MonoBehaviour:
  m_ObjectHideFlags: 0
  m_PrefabParentObject: {fileID: 0}
  m_PrefabInternal: {fileID: 0}
  m_GameObject: {fileID: 643045824}
  m_Enabled: 1
  m_EditorHideFlags: 0
  m_Script: {fileID: 708705254, guid: f5f67c52d1564df4a8936ccd202a3bd8, type: 3}
  m_Name: 
  m_EditorClassIdentifier: 
  m_Material: {fileID: 0}
  m_Color: {r: .196078435, g: .196078435, b: .196078435, a: 1}
  m_RaycastTarget: 1
  m_OnCullStateChanged:
    m_PersistentCalls:
      m_Calls: []
    m_TypeName: UnityEngine.UI.MaskableGraphic+CullStateChangedEvent, UnityEngine.UI,
      Version=1.0.0.0, Culture=neutral, PublicKeyToken=null
  m_FontData:
    m_Font: {fileID: 12800000, guid: 3d7fe0a26ba72d949874021dc3d6995e, type: 3}
    m_FontSize: 14
    m_FontStyle: 0
    m_BestFit: 0
    m_MinSize: 10
    m_MaxSize: 40
    m_Alignment: 4
    m_RichText: 1
    m_HorizontalOverflow: 0
    m_VerticalOverflow: 0
    m_LineSpacing: 1
  m_Text: 'Points:'
--- !u!222 &643045827
CanvasRenderer:
  m_ObjectHideFlags: 0
  m_PrefabParentObject: {fileID: 0}
  m_PrefabInternal: {fileID: 0}
  m_GameObject: {fileID: 643045824}
--- !u!1 &706927866
GameObject:
  m_ObjectHideFlags: 0
  m_PrefabParentObject: {fileID: 0}
  m_PrefabInternal: {fileID: 0}
  serializedVersion: 4
  m_Component:
  - 224: {fileID: 706927867}
  - 222: {fileID: 706927869}
  - 114: {fileID: 706927868}
  m_Layer: 5
  m_Name: Image4
  m_TagString: Untagged
  m_Icon: {fileID: 0}
  m_NavMeshLayer: 0
  m_StaticEditorFlags: 0
  m_IsActive: 1
--- !u!224 &706927867
RectTransform:
  m_ObjectHideFlags: 0
  m_PrefabParentObject: {fileID: 0}
  m_PrefabInternal: {fileID: 0}
  m_GameObject: {fileID: 706927866}
  m_LocalRotation: {x: 0, y: 0, z: 0, w: 1}
  m_LocalPosition: {x: 0, y: 0, z: 50}
  m_LocalScale: {x: 1, y: 1, z: 1}
  m_Children: []
  m_Father: {fileID: 2032957940}
  m_RootOrder: 3
  m_AnchorMin: {x: 1, y: 1}
  m_AnchorMax: {x: 1, y: 1}
  m_AnchoredPosition: {x: -263.100006, y: -2.8999939}
  m_SizeDelta: {x: 165.799988, y: 4.70001221}
  m_Pivot: {x: .5, y: .5}
--- !u!114 &706927868
MonoBehaviour:
  m_ObjectHideFlags: 0
  m_PrefabParentObject: {fileID: 0}
  m_PrefabInternal: {fileID: 0}
  m_GameObject: {fileID: 706927866}
  m_Enabled: 1
  m_EditorHideFlags: 0
  m_Script: {fileID: -765806418, guid: f5f67c52d1564df4a8936ccd202a3bd8, type: 3}
  m_Name: 
  m_EditorClassIdentifier: 
  m_Material: {fileID: 0}
  m_Color: {r: .933823526, g: .885048747, b: .226589531, a: 1}
  m_RaycastTarget: 1
  m_OnCullStateChanged:
    m_PersistentCalls:
      m_Calls: []
    m_TypeName: UnityEngine.UI.MaskableGraphic+CullStateChangedEvent, UnityEngine.UI,
      Version=1.0.0.0, Culture=neutral, PublicKeyToken=null
  m_Sprite: {fileID: 21300000, guid: 14527ea6a3283a94d9feba6fafaca43b, type: 3}
  m_Type: 0
  m_PreserveAspect: 0
  m_FillCenter: 1
  m_FillMethod: 3
  m_FillAmount: 1
  m_FillClockwise: 1
  m_FillOrigin: 0
--- !u!222 &706927869
CanvasRenderer:
  m_ObjectHideFlags: 0
  m_PrefabParentObject: {fileID: 0}
  m_PrefabInternal: {fileID: 0}
  m_GameObject: {fileID: 706927866}
--- !u!1 &777461678
GameObject:
  m_ObjectHideFlags: 0
  m_PrefabParentObject: {fileID: 0}
  m_PrefabInternal: {fileID: 0}
  serializedVersion: 4
  m_Component:
  - 4: {fileID: 777461679}
  - 114: {fileID: 777461680}
  m_Layer: 0
  m_Name: spawnPosition4
  m_TagString: Untagged
  m_Icon: {fileID: 0}
  m_NavMeshLayer: 0
  m_StaticEditorFlags: 0
  m_IsActive: 1
--- !u!4 &777461679
Transform:
  m_ObjectHideFlags: 0
  m_PrefabParentObject: {fileID: 0}
  m_PrefabInternal: {fileID: 0}
  m_GameObject: {fileID: 777461678}
  m_LocalRotation: {x: 0, y: -.988939881, z: 0, w: .148317322}
  m_LocalPosition: {x: 20.5300007, y: 0, z: 26.4099998}
  m_LocalScale: {x: 1, y: 1, z: 1}
  m_Children: []
  m_Father: {fileID: 0}
  m_RootOrder: 6
--- !u!114 &777461680
MonoBehaviour:
  m_ObjectHideFlags: 0
  m_PrefabParentObject: {fileID: 0}
  m_PrefabInternal: {fileID: 0}
  m_GameObject: {fileID: 777461678}
  m_Enabled: 1
  m_EditorHideFlags: 0
  m_Script: {fileID: -1050975500, guid: 870353891bb340e2b2a9c8707e7419ba, type: 3}
  m_Name: 
  m_EditorClassIdentifier: 
--- !u!1 &796673266
GameObject:
  m_ObjectHideFlags: 0
  m_PrefabParentObject: {fileID: 0}
  m_PrefabInternal: {fileID: 0}
  serializedVersion: 4
  m_Component:
  - 224: {fileID: 796673267}
  - 222: {fileID: 796673269}
  - 114: {fileID: 796673268}
  m_Layer: 0
  m_Name: Player4
  m_TagString: Untagged
  m_Icon: {fileID: 0}
  m_NavMeshLayer: 0
  m_StaticEditorFlags: 0
  m_IsActive: 1
--- !u!224 &796673267
RectTransform:
  m_ObjectHideFlags: 0
  m_PrefabParentObject: {fileID: 0}
  m_PrefabInternal: {fileID: 0}
  m_GameObject: {fileID: 796673266}
  m_LocalRotation: {x: 0, y: 0, z: 0, w: 1}
  m_LocalPosition: {x: 0, y: 0, z: -17.7999992}
  m_LocalScale: {x: .631796837, y: .249760136, z: .631796837}
  m_Children:
  - {fileID: 834658829}
  m_Father: {fileID: 2032957940}
  m_RootOrder: 7
  m_AnchorMin: {x: 1, y: 1}
  m_AnchorMax: {x: 1, y: 1}
  m_AnchoredPosition: {x: -161, y: -13}
  m_SizeDelta: {x: 200, y: 100}
  m_Pivot: {x: .5, y: .5}
--- !u!114 &796673268
MonoBehaviour:
  m_ObjectHideFlags: 0
  m_PrefabParentObject: {fileID: 0}
  m_PrefabInternal: {fileID: 0}
  m_GameObject: {fileID: 796673266}
  m_Enabled: 1
  m_EditorHideFlags: 0
  m_Script: {fileID: -765806418, guid: f5f67c52d1564df4a8936ccd202a3bd8, type: 3}
  m_Name: 
  m_EditorClassIdentifier: 
  m_Material: {fileID: 0}
  m_Color: {r: 1, g: 1, b: 1, a: 1}
  m_RaycastTarget: 1
  m_OnCullStateChanged:
    m_PersistentCalls:
      m_Calls: []
    m_TypeName: UnityEngine.UI.MaskableGraphic+CullStateChangedEvent, UnityEngine.UI,
      Version=1.0.0.0, Culture=neutral, PublicKeyToken=null
  m_Sprite: {fileID: 21300000, guid: 14527ea6a3283a94d9feba6fafaca43b, type: 3}
  m_Type: 0
  m_PreserveAspect: 0
  m_FillCenter: 1
  m_FillMethod: 4
  m_FillAmount: 1
  m_FillClockwise: 1
  m_FillOrigin: 0
--- !u!222 &796673269
CanvasRenderer:
  m_ObjectHideFlags: 0
  m_PrefabParentObject: {fileID: 0}
  m_PrefabInternal: {fileID: 0}
  m_GameObject: {fileID: 796673266}
--- !u!1 &834658828
GameObject:
  m_ObjectHideFlags: 0
  m_PrefabParentObject: {fileID: 0}
  m_PrefabInternal: {fileID: 0}
  serializedVersion: 4
  m_Component:
  - 224: {fileID: 834658829}
  - 222: {fileID: 834658831}
  - 114: {fileID: 834658830}
  m_Layer: 5
  m_Name: player4
  m_TagString: Untagged
  m_Icon: {fileID: 0}
  m_NavMeshLayer: 0
  m_StaticEditorFlags: 0
  m_IsActive: 1
--- !u!224 &834658829
RectTransform:
  m_ObjectHideFlags: 0
  m_PrefabParentObject: {fileID: 0}
  m_PrefabInternal: {fileID: 0}
  m_GameObject: {fileID: 834658828}
  m_LocalRotation: {x: 0, y: 0, z: 0, w: 1}
  m_LocalPosition: {x: 0, y: 0, z: 0}
  m_LocalScale: {x: 1.58278728, y: 4.0038414, z: 1.58278728}
  m_Children: []
  m_Father: {fileID: 796673267}
  m_RootOrder: 0
  m_AnchorMin: {x: .5, y: .5}
  m_AnchorMax: {x: .5, y: .5}
  m_AnchoredPosition: {x: .791397095, y: -.400421143}
  m_SizeDelta: {x: 160, y: 30}
  m_Pivot: {x: .5, y: .5}
--- !u!114 &834658830
MonoBehaviour:
  m_ObjectHideFlags: 0
  m_PrefabParentObject: {fileID: 0}
  m_PrefabInternal: {fileID: 0}
  m_GameObject: {fileID: 834658828}
  m_Enabled: 1
  m_EditorHideFlags: 0
  m_Script: {fileID: 708705254, guid: f5f67c52d1564df4a8936ccd202a3bd8, type: 3}
  m_Name: 
  m_EditorClassIdentifier: 
  m_Material: {fileID: 0}
  m_Color: {r: .196078435, g: .196078435, b: .196078435, a: 1}
  m_RaycastTarget: 1
  m_OnCullStateChanged:
    m_PersistentCalls:
      m_Calls: []
    m_TypeName: UnityEngine.UI.MaskableGraphic+CullStateChangedEvent, UnityEngine.UI,
      Version=1.0.0.0, Culture=neutral, PublicKeyToken=null
  m_FontData:
    m_Font: {fileID: 12800000, guid: 3d7fe0a26ba72d949874021dc3d6995e, type: 3}
    m_FontSize: 14
    m_FontStyle: 0
    m_BestFit: 0
    m_MinSize: 10
    m_MaxSize: 40
    m_Alignment: 4
    m_RichText: 1
    m_HorizontalOverflow: 0
    m_VerticalOverflow: 0
    m_LineSpacing: 1
  m_Text: 'Points:'
--- !u!222 &834658831
CanvasRenderer:
  m_ObjectHideFlags: 0
  m_PrefabParentObject: {fileID: 0}
  m_PrefabInternal: {fileID: 0}
  m_GameObject: {fileID: 834658828}
--- !u!1 &933455649
GameObject:
  m_ObjectHideFlags: 0
  m_PrefabParentObject: {fileID: 0}
  m_PrefabInternal: {fileID: 0}
  serializedVersion: 4
  m_Component:
  - 224: {fileID: 933455650}
  - 222: {fileID: 933455652}
  - 114: {fileID: 933455651}
  m_Layer: 0
  m_Name: Player3
  m_TagString: Untagged
  m_Icon: {fileID: 0}
  m_NavMeshLayer: 0
  m_StaticEditorFlags: 0
  m_IsActive: 1
--- !u!224 &933455650
RectTransform:
  m_ObjectHideFlags: 0
  m_PrefabParentObject: {fileID: 0}
  m_PrefabInternal: {fileID: 0}
  m_GameObject: {fileID: 933455649}
  m_LocalRotation: {x: 0, y: 0, z: 0, w: 1}
  m_LocalPosition: {x: 0, y: 0, z: -19.2999992}
  m_LocalScale: {x: .631796837, y: .249760136, z: .631796837}
  m_Children:
  - {fileID: 1412922373}
  m_Father: {fileID: 2032957940}
  m_RootOrder: 6
  m_AnchorMin: {x: 1, y: 1}
  m_AnchorMax: {x: 1, y: 1}
  m_AnchoredPosition: {x: -361, y: -13}
  m_SizeDelta: {x: 200, y: 100}
  m_Pivot: {x: .5, y: .5}
--- !u!114 &933455651
MonoBehaviour:
  m_ObjectHideFlags: 0
  m_PrefabParentObject: {fileID: 0}
  m_PrefabInternal: {fileID: 0}
  m_GameObject: {fileID: 933455649}
  m_Enabled: 1
  m_EditorHideFlags: 0
  m_Script: {fileID: -765806418, guid: f5f67c52d1564df4a8936ccd202a3bd8, type: 3}
  m_Name: 
  m_EditorClassIdentifier: 
  m_Material: {fileID: 0}
  m_Color: {r: 1, g: 1, b: 1, a: 1}
  m_RaycastTarget: 1
  m_OnCullStateChanged:
    m_PersistentCalls:
      m_Calls: []
    m_TypeName: UnityEngine.UI.MaskableGraphic+CullStateChangedEvent, UnityEngine.UI,
      Version=1.0.0.0, Culture=neutral, PublicKeyToken=null
  m_Sprite: {fileID: 21300000, guid: 14527ea6a3283a94d9feba6fafaca43b, type: 3}
  m_Type: 0
  m_PreserveAspect: 0
  m_FillCenter: 1
  m_FillMethod: 4
  m_FillAmount: 1
  m_FillClockwise: 1
  m_FillOrigin: 0
--- !u!222 &933455652
CanvasRenderer:
  m_ObjectHideFlags: 0
  m_PrefabParentObject: {fileID: 0}
  m_PrefabInternal: {fileID: 0}
  m_GameObject: {fileID: 933455649}
--- !u!1 &1086650244
GameObject:
  m_ObjectHideFlags: 0
  m_PrefabParentObject: {fileID: 0}
  m_PrefabInternal: {fileID: 0}
  serializedVersion: 4
  m_Component:
  - 224: {fileID: 1086650245}
  - 222: {fileID: 1086650247}
  - 114: {fileID: 1086650246}
  m_Layer: 0
  m_Name: Player1
  m_TagString: Untagged
  m_Icon: {fileID: 0}
  m_NavMeshLayer: 0
  m_StaticEditorFlags: 0
  m_IsActive: 1
--- !u!224 &1086650245
RectTransform:
  m_ObjectHideFlags: 0
  m_PrefabParentObject: {fileID: 0}
  m_PrefabInternal: {fileID: 0}
  m_GameObject: {fileID: 1086650244}
  m_LocalRotation: {x: 0, y: 0, z: 0, w: 1}
  m_LocalPosition: {x: 0, y: 0, z: -32}
  m_LocalScale: {x: .631796837, y: .249760136, z: .631796837}
  m_Children:
  - {fileID: 643045825}
  m_Father: {fileID: 2032957940}
  m_RootOrder: 4
  m_AnchorMin: {x: 0, y: 1}
  m_AnchorMax: {x: 0, y: 1}
  m_AnchoredPosition: {x: 161, y: -13}
  m_SizeDelta: {x: 200, y: 100}
  m_Pivot: {x: .5, y: .5}
--- !u!114 &1086650246
MonoBehaviour:
  m_ObjectHideFlags: 0
  m_PrefabParentObject: {fileID: 0}
  m_PrefabInternal: {fileID: 0}
  m_GameObject: {fileID: 1086650244}
  m_Enabled: 1
  m_EditorHideFlags: 0
  m_Script: {fileID: -765806418, guid: f5f67c52d1564df4a8936ccd202a3bd8, type: 3}
  m_Name: 
  m_EditorClassIdentifier: 
  m_Material: {fileID: 0}
  m_Color: {r: 1, g: 1, b: 1, a: 1}
  m_RaycastTarget: 1
  m_OnCullStateChanged:
    m_PersistentCalls:
      m_Calls: []
    m_TypeName: UnityEngine.UI.MaskableGraphic+CullStateChangedEvent, UnityEngine.UI,
      Version=1.0.0.0, Culture=neutral, PublicKeyToken=null
  m_Sprite: {fileID: 21300000, guid: 14527ea6a3283a94d9feba6fafaca43b, type: 3}
  m_Type: 0
  m_PreserveAspect: 0
  m_FillCenter: 1
  m_FillMethod: 4
  m_FillAmount: 1
  m_FillClockwise: 1
  m_FillOrigin: 0
--- !u!222 &1086650247
CanvasRenderer:
  m_ObjectHideFlags: 0
  m_PrefabParentObject: {fileID: 0}
  m_PrefabInternal: {fileID: 0}
  m_GameObject: {fileID: 1086650244}
--- !u!1 &1095641967
GameObject:
  m_ObjectHideFlags: 0
  m_PrefabParentObject: {fileID: 0}
  m_PrefabInternal: {fileID: 0}
  serializedVersion: 4
  m_Component:
  - 224: {fileID: 1095641968}
  - 222: {fileID: 1095641970}
  - 114: {fileID: 1095641969}
  m_Layer: 5
  m_Name: player2
  m_TagString: Untagged
  m_Icon: {fileID: 0}
  m_NavMeshLayer: 0
  m_StaticEditorFlags: 0
  m_IsActive: 1
--- !u!224 &1095641968
RectTransform:
  m_ObjectHideFlags: 0
  m_PrefabParentObject: {fileID: 0}
  m_PrefabInternal: {fileID: 0}
  m_GameObject: {fileID: 1095641967}
  m_LocalRotation: {x: 0, y: 0, z: 0, w: 1}
  m_LocalPosition: {x: 0, y: 0, z: 0}
  m_LocalScale: {x: 1.58278728, y: 4.0038414, z: 1.58278728}
  m_Children: []
  m_Father: {fileID: 1631279484}
  m_RootOrder: 0
  m_AnchorMin: {x: .5, y: .5}
  m_AnchorMax: {x: .5, y: .5}
  m_AnchoredPosition: {x: .791397095, y: -.400421143}
  m_SizeDelta: {x: 160, y: 30}
  m_Pivot: {x: .5, y: .5}
--- !u!114 &1095641969
MonoBehaviour:
  m_ObjectHideFlags: 0
  m_PrefabParentObject: {fileID: 0}
  m_PrefabInternal: {fileID: 0}
  m_GameObject: {fileID: 1095641967}
  m_Enabled: 1
  m_EditorHideFlags: 0
  m_Script: {fileID: 708705254, guid: f5f67c52d1564df4a8936ccd202a3bd8, type: 3}
  m_Name: 
  m_EditorClassIdentifier: 
  m_Material: {fileID: 0}
  m_Color: {r: .196078435, g: .196078435, b: .196078435, a: 1}
  m_RaycastTarget: 1
  m_OnCullStateChanged:
    m_PersistentCalls:
      m_Calls: []
    m_TypeName: UnityEngine.UI.MaskableGraphic+CullStateChangedEvent, UnityEngine.UI,
      Version=1.0.0.0, Culture=neutral, PublicKeyToken=null
  m_FontData:
    m_Font: {fileID: 12800000, guid: 3d7fe0a26ba72d949874021dc3d6995e, type: 3}
    m_FontSize: 14
    m_FontStyle: 0
    m_BestFit: 0
    m_MinSize: 10
    m_MaxSize: 40
    m_Alignment: 4
    m_RichText: 1
    m_HorizontalOverflow: 0
    m_VerticalOverflow: 0
    m_LineSpacing: 1
  m_Text: 'Points:'
--- !u!222 &1095641970
CanvasRenderer:
  m_ObjectHideFlags: 0
  m_PrefabParentObject: {fileID: 0}
  m_PrefabInternal: {fileID: 0}
  m_GameObject: {fileID: 1095641967}
--- !u!1001 &1158996493
Prefab:
  m_ObjectHideFlags: 0
  serializedVersion: 2
  m_Modification:
    m_TransformParent: {fileID: 0}
    m_Modifications:
    - target: {fileID: 488946, guid: 312c52d27be2d2d42acea3ccebc4694b, type: 2}
      propertyPath: m_LocalPosition.x
      value: 0
      objectReference: {fileID: 0}
    - target: {fileID: 488946, guid: 312c52d27be2d2d42acea3ccebc4694b, type: 2}
      propertyPath: m_LocalPosition.y
      value: 0
      objectReference: {fileID: 0}
    - target: {fileID: 488946, guid: 312c52d27be2d2d42acea3ccebc4694b, type: 2}
      propertyPath: m_LocalPosition.z
      value: 0
      objectReference: {fileID: 0}
    - target: {fileID: 488946, guid: 312c52d27be2d2d42acea3ccebc4694b, type: 2}
      propertyPath: m_LocalRotation.x
      value: 0
      objectReference: {fileID: 0}
    - target: {fileID: 488946, guid: 312c52d27be2d2d42acea3ccebc4694b, type: 2}
      propertyPath: m_LocalRotation.y
      value: 0
      objectReference: {fileID: 0}
    - target: {fileID: 488946, guid: 312c52d27be2d2d42acea3ccebc4694b, type: 2}
      propertyPath: m_LocalRotation.z
      value: 0
      objectReference: {fileID: 0}
    - target: {fileID: 488946, guid: 312c52d27be2d2d42acea3ccebc4694b, type: 2}
      propertyPath: m_LocalRotation.w
      value: 1
      objectReference: {fileID: 0}
    - target: {fileID: 488946, guid: 312c52d27be2d2d42acea3ccebc4694b, type: 2}
      propertyPath: m_RootOrder
      value: 4
      objectReference: {fileID: 0}
    - target: {fileID: 494930, guid: 312c52d27be2d2d42acea3ccebc4694b, type: 2}
      propertyPath: m_LocalPosition.z
      value: 2.94000006
      objectReference: {fileID: 0}
    - target: {fileID: 494930, guid: 312c52d27be2d2d42acea3ccebc4694b, type: 2}
      propertyPath: m_LocalPosition.x
      value: -26.6800003
      objectReference: {fileID: 0}
    - target: {fileID: 494930, guid: 312c52d27be2d2d42acea3ccebc4694b, type: 2}
      propertyPath: m_LocalRotation.y
      value: -.830088079
      objectReference: {fileID: 0}
    - target: {fileID: 494930, guid: 312c52d27be2d2d42acea3ccebc4694b, type: 2}
      propertyPath: m_LocalRotation.w
      value: -.557632327
      objectReference: {fileID: 0}
    - target: {fileID: 482512, guid: 312c52d27be2d2d42acea3ccebc4694b, type: 2}
      propertyPath: m_RootOrder
      value: 11
      objectReference: {fileID: 0}
    - target: {fileID: 467132, guid: 312c52d27be2d2d42acea3ccebc4694b, type: 2}
      propertyPath: m_RootOrder
      value: 10
      objectReference: {fileID: 0}
    - target: {fileID: 431454, guid: 312c52d27be2d2d42acea3ccebc4694b, type: 2}
      propertyPath: m_RootOrder
      value: 9
      objectReference: {fileID: 0}
    - target: {fileID: 409414, guid: 312c52d27be2d2d42acea3ccebc4694b, type: 2}
      propertyPath: m_RootOrder
      value: 8
      objectReference: {fileID: 0}
    - target: {fileID: 450270, guid: 312c52d27be2d2d42acea3ccebc4694b, type: 2}
      propertyPath: m_RootOrder
      value: 7
      objectReference: {fileID: 0}
    - target: {fileID: 416230, guid: 312c52d27be2d2d42acea3ccebc4694b, type: 2}
      propertyPath: m_RootOrder
      value: 6
      objectReference: {fileID: 0}
    - target: {fileID: 429728, guid: 312c52d27be2d2d42acea3ccebc4694b, type: 2}
      propertyPath: m_RootOrder
      value: 5
      objectReference: {fileID: 0}
    - target: {fileID: 418654, guid: 312c52d27be2d2d42acea3ccebc4694b, type: 2}
      propertyPath: m_RootOrder
      value: 4
      objectReference: {fileID: 0}
    m_RemovedComponents: []
  m_ParentPrefab: {fileID: 100100000, guid: 312c52d27be2d2d42acea3ccebc4694b, type: 2}
  m_IsPrefabParent: 0
--- !u!1 &1257020076
GameObject:
  m_ObjectHideFlags: 0
  m_PrefabParentObject: {fileID: 0}
  m_PrefabInternal: {fileID: 0}
  serializedVersion: 4
  m_Component:
  - 224: {fileID: 1257020077}
  - 222: {fileID: 1257020079}
  - 114: {fileID: 1257020078}
  m_Layer: 5
  m_Name: Image2
  m_TagString: Untagged
  m_Icon: {fileID: 0}
  m_NavMeshLayer: 0
  m_StaticEditorFlags: 0
  m_IsActive: 1
--- !u!224 &1257020077
RectTransform:
  m_ObjectHideFlags: 0
  m_PrefabParentObject: {fileID: 0}
  m_PrefabInternal: {fileID: 0}
  m_GameObject: {fileID: 1257020076}
  m_LocalRotation: {x: 0, y: 0, z: 0, w: 1}
  m_LocalPosition: {x: 0, y: 0, z: 50}
  m_LocalScale: {x: 1, y: 1, z: 1}
  m_Children: []
  m_Father: {fileID: 2032957940}
  m_RootOrder: 1
  m_AnchorMin: {x: 0, y: 1}
  m_AnchorMax: {x: 0, y: 1}
  m_AnchoredPosition: {x: 455, y: -2.8999939}
  m_SizeDelta: {x: 165.799988, y: 4.70001221}
  m_Pivot: {x: .5, y: .5}
--- !u!114 &1257020078
MonoBehaviour:
  m_ObjectHideFlags: 0
  m_PrefabParentObject: {fileID: 0}
  m_PrefabInternal: {fileID: 0}
  m_GameObject: {fileID: 1257020076}
  m_Enabled: 1
  m_EditorHideFlags: 0
  m_Script: {fileID: -765806418, guid: f5f67c52d1564df4a8936ccd202a3bd8, type: 3}
  m_Name: 
  m_EditorClassIdentifier: 
  m_Material: {fileID: 0}
  m_Color: {r: .933823526, g: .885048747, b: .226589531, a: 1}
  m_RaycastTarget: 1
  m_OnCullStateChanged:
    m_PersistentCalls:
      m_Calls: []
    m_TypeName: UnityEngine.UI.MaskableGraphic+CullStateChangedEvent, UnityEngine.UI,
      Version=1.0.0.0, Culture=neutral, PublicKeyToken=null
  m_Sprite: {fileID: 21300000, guid: 14527ea6a3283a94d9feba6fafaca43b, type: 3}
  m_Type: 0
  m_PreserveAspect: 0
  m_FillCenter: 1
  m_FillMethod: 3
  m_FillAmount: 1
  m_FillClockwise: 1
  m_FillOrigin: 0
--- !u!222 &1257020079
CanvasRenderer:
  m_ObjectHideFlags: 0
  m_PrefabParentObject: {fileID: 0}
  m_PrefabInternal: {fileID: 0}
  m_GameObject: {fileID: 1257020076}
--- !u!1 &1282556331
GameObject:
  m_ObjectHideFlags: 0
  m_PrefabParentObject: {fileID: 0}
  m_PrefabInternal: {fileID: 0}
  serializedVersion: 4
  m_Component:
  - 4: {fileID: 1282556335}
  - 114: {fileID: 1282556334}
  - 114: {fileID: 1282556333}
  - 114: {fileID: 1282556332}
  m_Layer: 0
  m_Name: EventSystem
  m_TagString: Untagged
  m_Icon: {fileID: 0}
  m_NavMeshLayer: 0
  m_StaticEditorFlags: 0
  m_IsActive: 1
--- !u!114 &1282556332
MonoBehaviour:
  m_ObjectHideFlags: 0
  m_PrefabParentObject: {fileID: 0}
  m_PrefabInternal: {fileID: 0}
  m_GameObject: {fileID: 1282556331}
  m_Enabled: 1
  m_EditorHideFlags: 0
  m_Script: {fileID: 1997211142, guid: f5f67c52d1564df4a8936ccd202a3bd8, type: 3}
  m_Name: 
  m_EditorClassIdentifier: 
  m_ForceModuleActive: 0
--- !u!114 &1282556333
MonoBehaviour:
  m_ObjectHideFlags: 0
  m_PrefabParentObject: {fileID: 0}
  m_PrefabInternal: {fileID: 0}
  m_GameObject: {fileID: 1282556331}
  m_Enabled: 1
  m_EditorHideFlags: 0
  m_Script: {fileID: 1077351063, guid: f5f67c52d1564df4a8936ccd202a3bd8, type: 3}
  m_Name: 
  m_EditorClassIdentifier: 
  m_HorizontalAxis: HorizontalUI
  m_VerticalAxis: VerticalUI
  m_SubmitButton: Submit
  m_CancelButton: Cancel
  m_InputActionsPerSecond: 10
  m_RepeatDelay: .5
  m_ForceModuleActive: 0
--- !u!114 &1282556334
MonoBehaviour:
  m_ObjectHideFlags: 0
  m_PrefabParentObject: {fileID: 0}
  m_PrefabInternal: {fileID: 0}
  m_GameObject: {fileID: 1282556331}
  m_Enabled: 1
  m_EditorHideFlags: 0
  m_Script: {fileID: -619905303, guid: f5f67c52d1564df4a8936ccd202a3bd8, type: 3}
  m_Name: 
  m_EditorClassIdentifier: 
  m_FirstSelected: {fileID: 0}
  m_sendNavigationEvents: 1
  m_DragThreshold: 5
--- !u!4 &1282556335
Transform:
  m_ObjectHideFlags: 0
  m_PrefabParentObject: {fileID: 0}
  m_PrefabInternal: {fileID: 0}
  m_GameObject: {fileID: 1282556331}
  m_LocalRotation: {x: 0, y: 0, z: 0, w: 1}
  m_LocalPosition: {x: 0, y: 0, z: 0}
  m_LocalScale: {x: 1, y: 1, z: 1}
  m_Children: []
  m_Father: {fileID: 0}
  m_RootOrder: 7
--- !u!1 &1304999364
GameObject:
  m_ObjectHideFlags: 0
  m_PrefabParentObject: {fileID: 0}
  m_PrefabInternal: {fileID: 0}
  serializedVersion: 4
  m_Component:
  - 4: {fileID: 1304999366}
  - 114: {fileID: 1304999365}
  - 82: {fileID: 1304999367}
  - 114: {fileID: 1304999368}
  - 114: {fileID: 1304999369}
  m_Layer: 0
  m_Name: GameManager
  m_TagString: Untagged
  m_Icon: {fileID: 0}
  m_NavMeshLayer: 0
  m_StaticEditorFlags: 0
  m_IsActive: 1
--- !u!114 &1304999365
MonoBehaviour:
  m_ObjectHideFlags: 0
  m_PrefabParentObject: {fileID: 0}
  m_PrefabInternal: {fileID: 0}
  m_GameObject: {fileID: 1304999364}
  m_Enabled: 1
  m_EditorHideFlags: 0
  m_Script: {fileID: 11500000, guid: 54a000792783c934885973b761b3f96f, type: 3}
  m_Name: 
  m_EditorClassIdentifier: 
  m_NumRoundsToWin: 5
  m_StartDelay: 3
  m_EndDelay: 3
  m_CameraControl: {fileID: 1771596988}
  m_MessageText: {fileID: 223292193}
  m_TankPrefab: {fileID: 173472, guid: 756d3a6506f2f8241b4e8badde68567a, type: 2}
  m_SpawnPoint:
  - {fileID: 194018016}
  - {fileID: 1608502129}
  - {fileID: 2017063093}
  - {fileID: 777461679}
  m_GameIsFinished: 0
  m_FadingScreen: {fileID: 1423439976}
  m_EndRoundScreen: {fileID: 2043816357}
--- !u!4 &1304999366
Transform:
  m_ObjectHideFlags: 0
  m_PrefabParentObject: {fileID: 0}
  m_PrefabInternal: {fileID: 0}
  m_GameObject: {fileID: 1304999364}
  m_LocalRotation: {x: -.0871722922, y: .899590552, z: -.210452542, w: -.372622669}
  m_LocalPosition: {x: 6.33725405, y: 4.43603849, z: 6.33725452}
  m_LocalScale: {x: 1, y: 1, z: 1}
  m_Children: []
  m_Father: {fileID: 0}
  m_RootOrder: 8
--- !u!82 &1304999367
AudioSource:
  m_ObjectHideFlags: 0
  m_PrefabParentObject: {fileID: 0}
  m_PrefabInternal: {fileID: 0}
  m_GameObject: {fileID: 1304999364}
  m_Enabled: 1
  serializedVersion: 4
  OutputAudioMixerGroup: {fileID: 24328132, guid: 86a7353f2579d476fbaa7f161c2e5d00,
    type: 2}
  m_audioClip: {fileID: 8300000, guid: 8ce5d020a687c314891341b4126d1de2, type: 3}
  m_PlayOnAwake: 1
  m_Volume: 1
  m_Pitch: 1
  Loop: 1
  Mute: 0
  Spatialize: 0
  Priority: 128
  DopplerLevel: 1
  MinDistance: 1
  MaxDistance: 500
  Pan2D: 0
  rolloffMode: 0
  BypassEffects: 0
  BypassListenerEffects: 0
  BypassReverbZones: 0
  rolloffCustomCurve:
    serializedVersion: 2
    m_Curve:
    - time: 0
      value: 1
      inSlope: 0
      outSlope: 0
      tangentMode: 0
    - time: 1
      value: 0
      inSlope: 0
      outSlope: 0
      tangentMode: 0
    m_PreInfinity: 2
    m_PostInfinity: 2
  panLevelCustomCurve:
    serializedVersion: 2
    m_Curve:
    - time: 0
      value: 0
      inSlope: 0
      outSlope: 0
      tangentMode: 0
    m_PreInfinity: 2
    m_PostInfinity: 2
  spreadCustomCurve:
    serializedVersion: 2
    m_Curve:
    - time: 0
      value: 0
      inSlope: 0
      outSlope: 0
      tangentMode: 0
    m_PreInfinity: 2
    m_PostInfinity: 2
  reverbZoneMixCustomCurve:
    serializedVersion: 2
    m_Curve:
    - time: 0
      value: 1
      inSlope: 0
      outSlope: 0
      tangentMode: 0
    m_PreInfinity: 2
    m_PostInfinity: 2
--- !u!114 &1304999368
MonoBehaviour:
  m_ObjectHideFlags: 0
  m_PrefabParentObject: {fileID: 0}
  m_PrefabInternal: {fileID: 0}
  m_GameObject: {fileID: 1304999364}
  m_Enabled: 1
  m_EditorHideFlags: 0
  m_Script: {fileID: 372142912, guid: 870353891bb340e2b2a9c8707e7419ba, type: 3}
  m_Name: 
  m_EditorClassIdentifier: 
  m_SceneId:
    m_Value: 0
  m_AssetId:
    i0: 0
    i1: 0
    i2: 0
    i3: 0
    i4: 0
    i5: 0
    i6: 0
    i7: 0
    i8: 0
    i9: 0
    i10: 0
    i11: 0
    i12: 0
    i13: 0
    i14: 0
    i15: 0
  m_ServerOnly: 0
  m_LocalPlayerAuthority: 0
--- !u!114 &1304999369
MonoBehaviour:
  m_ObjectHideFlags: 0
  m_PrefabParentObject: {fileID: 0}
  m_PrefabInternal: {fileID: 0}
  m_GameObject: {fileID: 1304999364}
  m_Enabled: 1
  m_EditorHideFlags: 0
  m_Script: {fileID: 11500000, guid: a742928ba56aaab4bba5a6638ef469e4, type: 3}
  m_Name: 
  m_EditorClassIdentifier: 
  teamScores: []
  dominationScoreToWin: 100
  theGameMode: 
  StartedPlaying: 0
  dominationScoreTexts:
  - {fileID: 643045826}
  - {fileID: 1095641969}
  - {fileID: 1412922371}
  - {fileID: 834658830}
  scoreToWinText: {fileID: 319993452}
  dominationScoreImages:
  - {fileID: 1590491703}
  - {fileID: 1257020078}
  - {fileID: 1794899755}
  - {fileID: 706927868}
--- !u!1 &1351158237
GameObject:
  m_ObjectHideFlags: 0
  m_PrefabParentObject: {fileID: 0}
  m_PrefabInternal: {fileID: 0}
  serializedVersion: 4
  m_Component:
  - 224: {fileID: 1351158238}
  - 222: {fileID: 1351158240}
  - 114: {fileID: 1351158239}
  m_Layer: 0
  m_Name: Max score
  m_TagString: Untagged
  m_Icon: {fileID: 0}
  m_NavMeshLayer: 0
  m_StaticEditorFlags: 0
  m_IsActive: 1
--- !u!224 &1351158238
RectTransform:
  m_ObjectHideFlags: 0
  m_PrefabParentObject: {fileID: 0}
  m_PrefabInternal: {fileID: 0}
  m_GameObject: {fileID: 1351158237}
  m_LocalRotation: {x: 0, y: 0, z: 0, w: 1}
  m_LocalPosition: {x: 0, y: 0, z: 0}
  m_LocalScale: {x: .702864528, y: .456768125, z: .428880364}
  m_Children:
  - {fileID: 319993454}
  m_Father: {fileID: 2032957940}
  m_RootOrder: 8
  m_AnchorMin: {x: .5, y: 1}
  m_AnchorMax: {x: .5, y: 1}
  m_AnchoredPosition: {x: -.899999976, y: -22.7000122}
  m_SizeDelta: {x: 200, y: 100}
  m_Pivot: {x: .5, y: .5}
--- !u!114 &1351158239
MonoBehaviour:
  m_ObjectHideFlags: 0
  m_PrefabParentObject: {fileID: 0}
  m_PrefabInternal: {fileID: 0}
  m_GameObject: {fileID: 1351158237}
  m_Enabled: 1
  m_EditorHideFlags: 0
  m_Script: {fileID: -765806418, guid: f5f67c52d1564df4a8936ccd202a3bd8, type: 3}
  m_Name: 
  m_EditorClassIdentifier: 
  m_Material: {fileID: 0}
  m_Color: {r: .443137288, g: .427451015, b: .427451015, a: 1}
  m_RaycastTarget: 1
  m_OnCullStateChanged:
    m_PersistentCalls:
      m_Calls: []
    m_TypeName: UnityEngine.UI.MaskableGraphic+CullStateChangedEvent, UnityEngine.UI,
      Version=1.0.0.0, Culture=neutral, PublicKeyToken=null
  m_Sprite: {fileID: 21300000, guid: 14527ea6a3283a94d9feba6fafaca43b, type: 3}
  m_Type: 0
  m_PreserveAspect: 0
  m_FillCenter: 1
  m_FillMethod: 4
  m_FillAmount: 1
  m_FillClockwise: 1
  m_FillOrigin: 0
--- !u!222 &1351158240
CanvasRenderer:
  m_ObjectHideFlags: 0
  m_PrefabParentObject: {fileID: 0}
  m_PrefabInternal: {fileID: 0}
  m_GameObject: {fileID: 1351158237}
--- !u!1 &1391056259
GameObject:
  m_ObjectHideFlags: 0
  m_PrefabParentObject: {fileID: 0}
  m_PrefabInternal: {fileID: 0}
  serializedVersion: 4
  m_Component:
  - 4: {fileID: 1391056264}
  - 20: {fileID: 1391056263}
  - 92: {fileID: 1391056262}
  - 124: {fileID: 1391056261}
  - 81: {fileID: 1391056260}
  - 114: {fileID: 1391056269}
  - 114: {fileID: 1391056268}
  - 114: {fileID: 1391056267}
  - 114: {fileID: 1391056265}
  - 114: {fileID: 1391056266}
  m_Layer: 0
  m_Name: Main Camera
  m_TagString: MainCamera
  m_Icon: {fileID: 0}
  m_NavMeshLayer: 0
  m_StaticEditorFlags: 0
  m_IsActive: 1
--- !u!81 &1391056260
AudioListener:
  m_ObjectHideFlags: 0
  m_PrefabParentObject: {fileID: 0}
  m_PrefabInternal: {fileID: 0}
  m_GameObject: {fileID: 1391056259}
  m_Enabled: 1
--- !u!124 &1391056261
Behaviour:
  m_ObjectHideFlags: 0
  m_PrefabParentObject: {fileID: 0}
  m_PrefabInternal: {fileID: 0}
  m_GameObject: {fileID: 1391056259}
  m_Enabled: 1
--- !u!92 &1391056262
Behaviour:
  m_ObjectHideFlags: 0
  m_PrefabParentObject: {fileID: 0}
  m_PrefabInternal: {fileID: 0}
  m_GameObject: {fileID: 1391056259}
  m_Enabled: 1
--- !u!20 &1391056263
Camera:
  m_ObjectHideFlags: 0
  m_PrefabParentObject: {fileID: 0}
  m_PrefabInternal: {fileID: 0}
  m_GameObject: {fileID: 1391056259}
  m_Enabled: 1
  serializedVersion: 2
  m_ClearFlags: 2
  m_BackGroundColor: {r: .419607878, g: .294117659, b: .129411772, a: .0196078438}
  m_NormalizedViewPortRect:
    serializedVersion: 2
    x: 0
    y: 0
    width: 1
    height: 1
  near clip plane: .300000012
  far clip plane: 1000
  field of view: 60
  orthographic: 1
  orthographic size: 10
  m_Depth: -1
  m_CullingMask:
    serializedVersion: 2
    m_Bits: 4294966271
  m_RenderingPath: -1
  m_TargetTexture: {fileID: 0}
  m_TargetDisplay: 0
  m_TargetEye: 3
  m_HDR: 0
  m_OcclusionCulling: 1
  m_StereoConvergence: 10
  m_StereoSeparation: .0219999999
  m_StereoMirrorMode: 0
--- !u!4 &1391056264
Transform:
  m_ObjectHideFlags: 0
  m_PrefabParentObject: {fileID: 0}
  m_PrefabInternal: {fileID: 0}
  m_GameObject: {fileID: 1391056259}
  m_LocalRotation: {x: 7.4505806e-09, y: -3.7252903e-09, z: -1.49011612e-08, w: 1}
  m_LocalPosition: {x: 0, y: -0, z: -65}
  m_LocalScale: {x: 1, y: 1, z: 1}
  m_Children:
  - {fileID: 239485000}
  m_Father: {fileID: 1771596987}
  m_RootOrder: 0
--- !u!114 &1391056265
MonoBehaviour:
  m_ObjectHideFlags: 0
  m_PrefabParentObject: {fileID: 0}
  m_PrefabInternal: {fileID: 0}
  m_GameObject: {fileID: 1391056259}
  m_Enabled: 1
  m_EditorHideFlags: 0
  m_Script: {fileID: 11500000, guid: dd6d4281e5d7cd44d8c6e38bc2c1b8d8, type: 3}
  m_Name: 
  m_EditorClassIdentifier: 
  mode: 0
  intensity: 2
  chromaticAberration: .850000024
  axialAberration: .5
  blur: .349999994
  blurSpread: .75
  luminanceDependency: .25
  blurDistance: 2.5
  vignetteShader: {fileID: 4800000, guid: 627943dc7a9a74286b70a4f694a0acd5, type: 3}
  separableBlurShader: {fileID: 4800000, guid: e97c14fbb5ea04c3a902cc533d7fc5d1, type: 3}
  chromAberrationShader: {fileID: 4800000, guid: 2b4f29398d9484ccfa9fd220449f5eee,
    type: 3}
--- !u!114 &1391056266
MonoBehaviour:
  m_ObjectHideFlags: 0
  m_PrefabParentObject: {fileID: 0}
  m_PrefabInternal: {fileID: 0}
  m_GameObject: {fileID: 1391056259}
  m_Enabled: 1
  m_EditorHideFlags: 0
  m_Script: {fileID: 11500000, guid: 1fd999d1b2cf94a45a5b0a47ce074bef, type: 3}
  m_Name: 
  m_EditorClassIdentifier: 
  redChannel:
    serializedVersion: 2
    m_Curve:
    - time: -.0591580123
      value: .0419318192
      inSlope: .9173522
      outSlope: .9173522
      tangentMode: 10
    - time: .991488755
      value: 1.00574493
      inSlope: .9173522
      outSlope: .9173522
      tangentMode: 10
    m_PreInfinity: 2
    m_PostInfinity: 2
  greenChannel:
    serializedVersion: 2
    m_Curve:
    - time: 0
      value: 0
      inSlope: 1.03810883
      outSlope: 1.03810883
      tangentMode: 10
    - time: .446911007
      value: .46394226
      inSlope: 1.04744446
      outSlope: 1.04744446
      tangentMode: 10
    - time: .954166651
      value: 1
      inSlope: 1.0567801
      outSlope: 1.0567801
      tangentMode: 10
    m_PreInfinity: 2
    m_PostInfinity: 2
  blueChannel:
    serializedVersion: 2
    m_Curve:
    - time: 0
      value: 0
      inSlope: 1.20967782
      outSlope: 1.20967782
      tangentMode: 10
    - time: .0894230604
      value: .108173087
      inSlope: 1.14791441
      outSlope: 1.14791441
      tangentMode: 10
    - time: .461959273
      value: .512803614
      inSlope: .995825887
      outSlope: .995825887
      tangentMode: 10
    - time: 1
      value: 1
      inSlope: .905500889
      outSlope: .905500889
      tangentMode: 10
    m_PreInfinity: 2
    m_PostInfinity: 2
  useDepthCorrection: 0
  zCurve:
    serializedVersion: 2
    m_Curve:
    - time: 0
      value: 0
      inSlope: 0
      outSlope: 0
      tangentMode: 0
    - time: 1
      value: 1
      inSlope: 0
      outSlope: 0
      tangentMode: 0
    m_PreInfinity: 2
    m_PostInfinity: 2
  depthRedChannel:
    serializedVersion: 2
    m_Curve:
    - time: 0
      value: 0
      inSlope: 0
      outSlope: 0
      tangentMode: 0
    - time: 1
      value: 1
      inSlope: 0
      outSlope: 0
      tangentMode: 0
    m_PreInfinity: 2
    m_PostInfinity: 2
  depthGreenChannel:
    serializedVersion: 2
    m_Curve:
    - time: 0
      value: 0
      inSlope: 0
      outSlope: 0
      tangentMode: 0
    - time: 1
      value: 1
      inSlope: 0
      outSlope: 0
      tangentMode: 0
    m_PreInfinity: 2
    m_PostInfinity: 2
  depthBlueChannel:
    serializedVersion: 2
    m_Curve:
    - time: 0
      value: 0
      inSlope: 0
      outSlope: 0
      tangentMode: 0
    - time: 1
      value: 1
      inSlope: 0
      outSlope: 0
      tangentMode: 0
    m_PreInfinity: 2
    m_PostInfinity: 2
  saturation: 1
  selectiveCc: 0
  selectiveFromColor: {r: .882352948, g: .876491487, b: .0324394256, a: 1}
  selectiveToColor: {r: 1, g: 1, b: 1, a: 1}
  mode: 0
  updateTextures: 1
  colorCorrectionCurvesShader: {fileID: 4800000, guid: 62bcade1028c24ca1a39760ed84b9487,
    type: 3}
  simpleColorCorrectionCurvesShader: {fileID: 4800000, guid: 438ddd58d82c84d9eb1fdc56111702e1,
    type: 3}
  colorCorrectionSelectiveShader: {fileID: 4800000, guid: e515e0f94cefc4c0db54b45cba621544,
    type: 3}
--- !u!114 &1391056267
MonoBehaviour:
  m_ObjectHideFlags: 0
  m_PrefabParentObject: {fileID: 0}
  m_PrefabInternal: {fileID: 0}
  m_GameObject: {fileID: 1391056259}
  m_Enabled: 0
  m_EditorHideFlags: 0
  m_Script: {fileID: 11500000, guid: a22b3a7095a744a428c134b5e26ad68e, type: 3}
  m_Name: 
  m_EditorClassIdentifier: 
  mode: 0
  quality: 1
  blurArea: 1.5
  maxBlurSize: 20
  downsample: 1
  tiltShiftShader: {fileID: 4800000, guid: bf34d2a25450349699e8ae6456fa7ca9, type: 3}
--- !u!114 &1391056268
MonoBehaviour:
  m_ObjectHideFlags: 0
  m_PrefabParentObject: {fileID: 0}
  m_PrefabInternal: {fileID: 0}
  m_GameObject: {fileID: 1391056259}
  m_Enabled: 1
  m_EditorHideFlags: 0
  m_Script: {fileID: 11500000, guid: 7fceaeb339b971b429c4cc600acabd13, type: 3}
  m_Name: 
  m_EditorClassIdentifier: 
  tweakMode: 0
  screenBlendMode: 1
  hdr: 2
  sepBlurSpread: 2.5
  quality: 1
  bloomIntensity: .5
  bloomThreshold: .699999988
  bloomThresholdColor: {r: 1, g: 1, b: 1, a: 1}
  bloomBlurIterations: 2
  hollywoodFlareBlurIterations: 2
  flareRotation: 0
  lensflareMode: 1
  hollyStretchWidth: 2.5
  lensflareIntensity: 0
  lensflareThreshold: .300000012
  lensFlareSaturation: .75
  flareColorA: {r: .400000006, g: .400000006, b: .800000012, a: .75}
  flareColorB: {r: .400000006, g: .800000012, b: .800000012, a: .75}
  flareColorC: {r: .800000012, g: .400000006, b: .800000012, a: .75}
  flareColorD: {r: .800000012, g: .400000006, b: 0, a: .75}
  lensFlareVignetteMask: {fileID: 2800000, guid: 95ef4804fe0be4c999ddaa383536cde8,
    type: 3}
  lensFlareShader: {fileID: 4800000, guid: 459fe69d2f6d74ddb92f04dbf45a866b, type: 3}
  screenBlendShader: {fileID: 4800000, guid: 7856cbff0a0ca45c787d5431eb805bb0, type: 3}
  blurAndFlaresShader: {fileID: 4800000, guid: be6e39cf196f146d5be72fbefb18ed75, type: 3}
  brightPassFilterShader: {fileID: 4800000, guid: 0aeaa4cb29f5d4e9c8455f04c8575c8c,
    type: 3}
--- !u!114 &1391056269
MonoBehaviour:
  m_ObjectHideFlags: 0
  m_PrefabParentObject: {fileID: 0}
  m_PrefabInternal: {fileID: 0}
  m_GameObject: {fileID: 1391056259}
  m_Enabled: 0
  m_EditorHideFlags: 0
  m_Script: {fileID: 11500000, guid: b0923359e9e352a4b9b11c7b7161ad67, type: 3}
  m_Name: 
  m_EditorClassIdentifier: 
  m_Radius: 1
  m_SampleCount: 2
  m_OcclusionIntensity: .649999976
  m_Blur: 1
  m_Downsampling: 1
  m_OcclusionAttenuation: 1
  m_MinZ: .00999999978
  m_SSAOShader: {fileID: 4800000, guid: 43ca18288c424f645aaa1e9e07f04c50, type: 3}
  m_RandomTexture: {fileID: 2800000, guid: a181ca8e3c62f3e4b8f183f6c586b032, type: 3}
--- !u!1 &1412922370
GameObject:
  m_ObjectHideFlags: 0
  m_PrefabParentObject: {fileID: 0}
  m_PrefabInternal: {fileID: 0}
  serializedVersion: 4
  m_Component:
  - 224: {fileID: 1412922373}
  - 222: {fileID: 1412922372}
  - 114: {fileID: 1412922371}
  m_Layer: 5
  m_Name: player3
  m_TagString: Untagged
  m_Icon: {fileID: 0}
  m_NavMeshLayer: 0
  m_StaticEditorFlags: 0
  m_IsActive: 1
--- !u!114 &1412922371
MonoBehaviour:
  m_ObjectHideFlags: 0
  m_PrefabParentObject: {fileID: 0}
  m_PrefabInternal: {fileID: 0}
  m_GameObject: {fileID: 1412922370}
  m_Enabled: 1
  m_EditorHideFlags: 0
  m_Script: {fileID: 708705254, guid: f5f67c52d1564df4a8936ccd202a3bd8, type: 3}
  m_Name: 
  m_EditorClassIdentifier: 
  m_Material: {fileID: 0}
  m_Color: {r: .196078435, g: .196078435, b: .196078435, a: 1}
  m_RaycastTarget: 1
  m_OnCullStateChanged:
    m_PersistentCalls:
      m_Calls: []
    m_TypeName: UnityEngine.UI.MaskableGraphic+CullStateChangedEvent, UnityEngine.UI,
      Version=1.0.0.0, Culture=neutral, PublicKeyToken=null
  m_FontData:
    m_Font: {fileID: 12800000, guid: 3d7fe0a26ba72d949874021dc3d6995e, type: 3}
    m_FontSize: 14
    m_FontStyle: 0
    m_BestFit: 0
    m_MinSize: 10
    m_MaxSize: 40
    m_Alignment: 4
    m_RichText: 1
    m_HorizontalOverflow: 0
    m_VerticalOverflow: 0
    m_LineSpacing: 1
  m_Text: 'Points:'
--- !u!222 &1412922372
CanvasRenderer:
  m_ObjectHideFlags: 0
  m_PrefabParentObject: {fileID: 0}
  m_PrefabInternal: {fileID: 0}
  m_GameObject: {fileID: 1412922370}
--- !u!224 &1412922373
RectTransform:
  m_ObjectHideFlags: 0
  m_PrefabParentObject: {fileID: 0}
  m_PrefabInternal: {fileID: 0}
  m_GameObject: {fileID: 1412922370}
  m_LocalRotation: {x: 0, y: 0, z: 0, w: 1}
  m_LocalPosition: {x: 0, y: 0, z: 0}
  m_LocalScale: {x: 1.58278728, y: 4.0038414, z: 1.58278728}
  m_Children: []
  m_Father: {fileID: 933455650}
  m_RootOrder: 0
  m_AnchorMin: {x: .5, y: .5}
  m_AnchorMax: {x: .5, y: .5}
  m_AnchoredPosition: {x: .791397095, y: -.400421143}
  m_SizeDelta: {x: 160, y: 30}
  m_Pivot: {x: .5, y: .5}
--- !u!1 &1423439973
GameObject:
  m_ObjectHideFlags: 0
  m_PrefabParentObject: {fileID: 0}
  m_PrefabInternal: {fileID: 0}
  serializedVersion: 4
  m_Component:
  - 224: {fileID: 1423439974}
  - 222: {fileID: 1423439978}
  - 114: {fileID: 1423439977}
  - 225: {fileID: 1423439976}
  m_Layer: 5
  m_Name: LoadingPanel
  m_TagString: Untagged
  m_Icon: {fileID: 0}
  m_NavMeshLayer: 0
  m_StaticEditorFlags: 0
  m_IsActive: 1
--- !u!224 &1423439974
RectTransform:
  m_ObjectHideFlags: 0
  m_PrefabParentObject: {fileID: 0}
  m_PrefabInternal: {fileID: 0}
  m_GameObject: {fileID: 1423439973}
  m_LocalRotation: {x: 0, y: 0, z: 0, w: 1}
  m_LocalPosition: {x: 0, y: 0, z: 0}
  m_LocalScale: {x: 1, y: 1, z: 1}
  m_Children:
  - {fileID: 311090487}
  m_Father: {fileID: 575313012}
  m_RootOrder: 0
  m_AnchorMin: {x: 0, y: 0}
  m_AnchorMax: {x: 1, y: 1}
  m_AnchoredPosition: {x: 0, y: 0}
  m_SizeDelta: {x: 0, y: 0}
  m_Pivot: {x: .5, y: .5}
--- !u!225 &1423439976
CanvasGroup:
  m_ObjectHideFlags: 0
  m_PrefabParentObject: {fileID: 0}
  m_PrefabInternal: {fileID: 0}
  m_GameObject: {fileID: 1423439973}
  m_Enabled: 1
  m_Alpha: 1
  m_Interactable: 1
  m_BlocksRaycasts: 1
  m_IgnoreParentGroups: 0
--- !u!114 &1423439977
MonoBehaviour:
  m_ObjectHideFlags: 0
  m_PrefabParentObject: {fileID: 0}
  m_PrefabInternal: {fileID: 0}
  m_GameObject: {fileID: 1423439973}
  m_Enabled: 1
  m_EditorHideFlags: 0
  m_Script: {fileID: -765806418, guid: f5f67c52d1564df4a8936ccd202a3bd8, type: 3}
  m_Name: 
  m_EditorClassIdentifier: 
  m_Material: {fileID: 0}
  m_Color: {r: 1, g: 1, b: 1, a: 1}
  m_RaycastTarget: 1
  m_OnCullStateChanged:
    m_PersistentCalls:
      m_Calls: []
    m_TypeName: UnityEngine.UI.MaskableGraphic+CullStateChangedEvent, UnityEngine.UI,
      Version=1.0.0.0, Culture=neutral, PublicKeyToken=null
  m_Sprite: {fileID: 21300000, guid: 7a4d2417e1e7cfa4fb70fec879c9e159, type: 3}
  m_Type: 0
  m_PreserveAspect: 0
  m_FillCenter: 1
  m_FillMethod: 4
  m_FillAmount: 1
  m_FillClockwise: 1
  m_FillOrigin: 0
--- !u!222 &1423439978
CanvasRenderer:
  m_ObjectHideFlags: 0
  m_PrefabParentObject: {fileID: 0}
  m_PrefabInternal: {fileID: 0}
  m_GameObject: {fileID: 1423439973}
--- !u!1 &1590491700
GameObject:
  m_ObjectHideFlags: 0
  m_PrefabParentObject: {fileID: 0}
  m_PrefabInternal: {fileID: 0}
  serializedVersion: 4
  m_Component:
  - 224: {fileID: 1590491701}
  - 222: {fileID: 1590491704}
  - 114: {fileID: 1590491703}
  m_Layer: 5
  m_Name: Image1
  m_TagString: Untagged
  m_Icon: {fileID: 0}
  m_NavMeshLayer: 0
  m_StaticEditorFlags: 0
  m_IsActive: 1
--- !u!224 &1590491701
RectTransform:
  m_ObjectHideFlags: 0
  m_PrefabParentObject: {fileID: 0}
  m_PrefabInternal: {fileID: 0}
  m_GameObject: {fileID: 1590491700}
  m_LocalRotation: {x: 0, y: 0, z: 0, w: 1}
  m_LocalPosition: {x: 0, y: 0, z: -347.898407}
  m_LocalScale: {x: 1, y: 1, z: 1}
  m_Children: []
  m_Father: {fileID: 2032957940}
  m_RootOrder: 0
  m_AnchorMin: {x: 0, y: 1}
  m_AnchorMax: {x: 0, y: 1}
  m_AnchoredPosition: {x: 261.900024, y: -2.84997559}
  m_SizeDelta: {x: 165.799988, y: 4.70001221}
  m_Pivot: {x: .5, y: .5}
--- !u!114 &1590491703
MonoBehaviour:
  m_ObjectHideFlags: 0
  m_PrefabParentObject: {fileID: 0}
  m_PrefabInternal: {fileID: 0}
  m_GameObject: {fileID: 1590491700}
  m_Enabled: 1
  m_EditorHideFlags: 0
  m_Script: {fileID: -765806418, guid: f5f67c52d1564df4a8936ccd202a3bd8, type: 3}
  m_Name: 
  m_EditorClassIdentifier: 
  m_Material: {fileID: 0}
  m_Color: {r: .933823526, g: .885048747, b: .226589531, a: 1}
  m_RaycastTarget: 1
  m_OnCullStateChanged:
    m_PersistentCalls:
      m_Calls: []
    m_TypeName: UnityEngine.UI.MaskableGraphic+CullStateChangedEvent, UnityEngine.UI,
      Version=1.0.0.0, Culture=neutral, PublicKeyToken=null
  m_Sprite: {fileID: 21300000, guid: 14527ea6a3283a94d9feba6fafaca43b, type: 3}
  m_Type: 0
  m_PreserveAspect: 0
  m_FillCenter: 1
  m_FillMethod: 3
  m_FillAmount: 1
  m_FillClockwise: 1
  m_FillOrigin: 0
--- !u!222 &1590491704
CanvasRenderer:
  m_ObjectHideFlags: 0
  m_PrefabParentObject: {fileID: 0}
  m_PrefabInternal: {fileID: 0}
  m_GameObject: {fileID: 1590491700}
--- !u!1 &1608502127
GameObject:
  m_ObjectHideFlags: 0
  m_PrefabParentObject: {fileID: 0}
  m_PrefabInternal: {fileID: 0}
  serializedVersion: 4
  m_Component:
  - 4: {fileID: 1608502129}
  - 114: {fileID: 1608502128}
  m_Layer: 0
  m_Name: spawnPosition2
  m_TagString: Untagged
  m_Icon: {fileID: 0}
  m_NavMeshLayer: 0
  m_StaticEditorFlags: 0
  m_IsActive: 1
--- !u!114 &1608502128
MonoBehaviour:
  m_ObjectHideFlags: 0
  m_PrefabParentObject: {fileID: 0}
  m_PrefabInternal: {fileID: 0}
  m_GameObject: {fileID: 1608502127}
  m_Enabled: 1
  m_EditorHideFlags: 0
  m_Script: {fileID: -1050975500, guid: 870353891bb340e2b2a9c8707e7419ba, type: 3}
  m_Name: 
  m_EditorClassIdentifier: 
--- !u!4 &1608502129
Transform:
  m_ObjectHideFlags: 0
  m_PrefabParentObject: {fileID: 0}
  m_PrefabInternal: {fileID: 0}
  m_GameObject: {fileID: 1608502127}
  m_LocalRotation: {x: 0, y: 0, z: 0, w: 1}
  m_LocalPosition: {x: 15.2399998, y: 0, z: -6.57000017}
  m_LocalScale: {x: 1, y: 1, z: 1}
  m_Children: []
  m_Father: {fileID: 0}
  m_RootOrder: 3
--- !u!1 &1631279483
GameObject:
  m_ObjectHideFlags: 0
  m_PrefabParentObject: {fileID: 0}
  m_PrefabInternal: {fileID: 0}
  serializedVersion: 4
  m_Component:
  - 224: {fileID: 1631279484}
  - 222: {fileID: 1631279486}
  - 114: {fileID: 1631279485}
  m_Layer: 5
  m_Name: Player2
  m_TagString: Untagged
  m_Icon: {fileID: 0}
  m_NavMeshLayer: 0
  m_StaticEditorFlags: 0
  m_IsActive: 1
--- !u!224 &1631279484
RectTransform:
  m_ObjectHideFlags: 0
  m_PrefabParentObject: {fileID: 0}
  m_PrefabInternal: {fileID: 0}
  m_GameObject: {fileID: 1631279483}
  m_LocalRotation: {x: 0, y: 0, z: 0, w: 1}
  m_LocalPosition: {x: 0, y: 0, z: -25.6000004}
  m_LocalScale: {x: .631796837, y: .249760136, z: .631796837}
  m_Children:
  - {fileID: 1095641968}
  m_Father: {fileID: 2032957940}
  m_RootOrder: 5
  m_AnchorMin: {x: 0, y: 1}
  m_AnchorMax: {x: 0, y: 1}
  m_AnchoredPosition: {x: 360.5, y: -13}
  m_SizeDelta: {x: 200, y: 100}
  m_Pivot: {x: .5, y: .5}
--- !u!114 &1631279485
MonoBehaviour:
  m_ObjectHideFlags: 0
  m_PrefabParentObject: {fileID: 0}
  m_PrefabInternal: {fileID: 0}
  m_GameObject: {fileID: 1631279483}
  m_Enabled: 1
  m_EditorHideFlags: 0
  m_Script: {fileID: -765806418, guid: f5f67c52d1564df4a8936ccd202a3bd8, type: 3}
  m_Name: 
  m_EditorClassIdentifier: 
  m_Material: {fileID: 0}
  m_Color: {r: 1, g: 1, b: 1, a: 1}
  m_RaycastTarget: 1
  m_OnCullStateChanged:
    m_PersistentCalls:
      m_Calls: []
    m_TypeName: UnityEngine.UI.MaskableGraphic+CullStateChangedEvent, UnityEngine.UI,
      Version=1.0.0.0, Culture=neutral, PublicKeyToken=null
  m_Sprite: {fileID: 21300000, guid: 14527ea6a3283a94d9feba6fafaca43b, type: 3}
  m_Type: 0
  m_PreserveAspect: 0
  m_FillCenter: 1
  m_FillMethod: 4
  m_FillAmount: 1
  m_FillClockwise: 1
  m_FillOrigin: 0
--- !u!222 &1631279486
CanvasRenderer:
  m_ObjectHideFlags: 0
  m_PrefabParentObject: {fileID: 0}
  m_PrefabInternal: {fileID: 0}
  m_GameObject: {fileID: 1631279483}
--- !u!1 &1771596986
GameObject:
  m_ObjectHideFlags: 0
  m_PrefabParentObject: {fileID: 0}
  m_PrefabInternal: {fileID: 0}
  serializedVersion: 4
  m_Component:
  - 4: {fileID: 1771596987}
  - 114: {fileID: 1771596988}
  m_Layer: 0
  m_Name: CameraRig
  m_TagString: Untagged
  m_Icon: {fileID: 0}
  m_NavMeshLayer: 0
  m_StaticEditorFlags: 0
  m_IsActive: 1
--- !u!4 &1771596987
Transform:
  m_ObjectHideFlags: 0
  m_PrefabParentObject: {fileID: 0}
  m_PrefabInternal: {fileID: 0}
  m_GameObject: {fileID: 1771596986}
  m_LocalRotation: {x: .296198159, y: .469846368, z: -.171010107, w: .813797653}
  m_LocalPosition: {x: 0, y: 0, z: 0}
  m_LocalScale: {x: 1, y: 1, z: 1}
  m_Children:
  - {fileID: 1391056264}
  m_Father: {fileID: 0}
  m_RootOrder: 0
--- !u!114 &1771596988
MonoBehaviour:
  m_ObjectHideFlags: 0
  m_PrefabParentObject: {fileID: 0}
  m_PrefabInternal: {fileID: 0}
  m_GameObject: {fileID: 1771596986}
  m_Enabled: 1
  m_EditorHideFlags: 0
  m_Script: {fileID: 11500000, guid: 635c6cdb4a29e994ba1d4c40ae6509ac, type: 3}
  m_Name: 
  m_EditorClassIdentifier: 
  m_DampTime: .200000003
  m_ScreenEdgeBuffer: 4
  m_MinSize: 6.5
  ChildCamera: {fileID: 239485009}
--- !u!1 &1794899753
GameObject:
  m_ObjectHideFlags: 0
  m_PrefabParentObject: {fileID: 0}
  m_PrefabInternal: {fileID: 0}
  serializedVersion: 4
  m_Component:
  - 224: {fileID: 1794899754}
  - 222: {fileID: 1794899756}
  - 114: {fileID: 1794899755}
  m_Layer: 5
  m_Name: Image3
  m_TagString: Untagged
  m_Icon: {fileID: 0}
  m_NavMeshLayer: 0
  m_StaticEditorFlags: 0
  m_IsActive: 1
--- !u!224 &1794899754
RectTransform:
  m_ObjectHideFlags: 0
  m_PrefabParentObject: {fileID: 0}
  m_PrefabInternal: {fileID: 0}
  m_GameObject: {fileID: 1794899753}
  m_LocalRotation: {x: 0, y: 0, z: 0, w: 1}
  m_LocalPosition: {x: 0, y: 0, z: 50}
  m_LocalScale: {x: 1, y: 1, z: 1}
  m_Children: []
  m_Father: {fileID: 2032957940}
  m_RootOrder: 2
  m_AnchorMin: {x: 1, y: 1}
  m_AnchorMax: {x: 1, y: 1}
  m_AnchoredPosition: {x: -458.399994, y: -2.8500061}
  m_SizeDelta: {x: 165.799988, y: 4.70001221}
  m_Pivot: {x: .5, y: .5}
--- !u!114 &1794899755
MonoBehaviour:
  m_ObjectHideFlags: 0
  m_PrefabParentObject: {fileID: 0}
  m_PrefabInternal: {fileID: 0}
  m_GameObject: {fileID: 1794899753}
  m_Enabled: 1
  m_EditorHideFlags: 0
  m_Script: {fileID: -765806418, guid: f5f67c52d1564df4a8936ccd202a3bd8, type: 3}
  m_Name: 
  m_EditorClassIdentifier: 
  m_Material: {fileID: 0}
  m_Color: {r: .933823526, g: .885048747, b: .226589531, a: 1}
  m_RaycastTarget: 1
  m_OnCullStateChanged:
    m_PersistentCalls:
      m_Calls: []
    m_TypeName: UnityEngine.UI.MaskableGraphic+CullStateChangedEvent, UnityEngine.UI,
      Version=1.0.0.0, Culture=neutral, PublicKeyToken=null
  m_Sprite: {fileID: 21300000, guid: 14527ea6a3283a94d9feba6fafaca43b, type: 3}
  m_Type: 0
  m_PreserveAspect: 0
  m_FillCenter: 1
  m_FillMethod: 3
  m_FillAmount: 1
  m_FillClockwise: 1
  m_FillOrigin: 0
--- !u!222 &1794899756
CanvasRenderer:
  m_ObjectHideFlags: 0
  m_PrefabParentObject: {fileID: 0}
  m_PrefabInternal: {fileID: 0}
  m_GameObject: {fileID: 1794899753}
--- !u!1 &2017063091
GameObject:
  m_ObjectHideFlags: 0
  m_PrefabParentObject: {fileID: 0}
  m_PrefabInternal: {fileID: 0}
  serializedVersion: 4
  m_Component:
  - 4: {fileID: 2017063093}
  - 114: {fileID: 2017063092}
  m_Layer: 0
  m_Name: spawnPosition3
  m_TagString: Untagged
  m_Icon: {fileID: 0}
  m_NavMeshLayer: 0
  m_StaticEditorFlags: 0
  m_IsActive: 1
--- !u!114 &2017063092
MonoBehaviour:
  m_ObjectHideFlags: 0
  m_PrefabParentObject: {fileID: 0}
  m_PrefabInternal: {fileID: 0}
  m_GameObject: {fileID: 2017063091}
  m_Enabled: 1
  m_EditorHideFlags: 0
  m_Script: {fileID: -1050975500, guid: 870353891bb340e2b2a9c8707e7419ba, type: 3}
  m_Name: 
  m_EditorClassIdentifier: 
--- !u!4 &2017063093
Transform:
  m_ObjectHideFlags: 0
  m_PrefabParentObject: {fileID: 0}
  m_PrefabInternal: {fileID: 0}
  m_GameObject: {fileID: 2017063091}
  m_LocalRotation: {x: 0, y: 0, z: 0, w: 1}
  m_LocalPosition: {x: -12.21, y: 0, z: -1.55999994}
  m_LocalScale: {x: 1, y: 1, z: 1}
  m_Children: []
  m_Father: {fileID: 0}
  m_RootOrder: 4
--- !u!1 &2032957936
GameObject:
  m_ObjectHideFlags: 0
  m_PrefabParentObject: {fileID: 0}
  m_PrefabInternal: {fileID: 0}
  serializedVersion: 4
  m_Component:
  - 224: {fileID: 2032957940}
  - 223: {fileID: 2032957939}
  - 114: {fileID: 2032957938}
  - 114: {fileID: 2032957937}
  m_Layer: 5
  m_Name: Canvas
  m_TagString: Untagged
  m_Icon: {fileID: 0}
  m_NavMeshLayer: 0
  m_StaticEditorFlags: 0
  m_IsActive: 1
--- !u!114 &2032957937
MonoBehaviour:
  m_ObjectHideFlags: 0
  m_PrefabParentObject: {fileID: 0}
  m_PrefabInternal: {fileID: 0}
  m_GameObject: {fileID: 2032957936}
  m_Enabled: 1
  m_EditorHideFlags: 0
  m_Script: {fileID: 1301386320, guid: f5f67c52d1564df4a8936ccd202a3bd8, type: 3}
  m_Name: 
  m_EditorClassIdentifier: 
  m_IgnoreReversedGraphics: 1
  m_BlockingObjects: 0
  m_BlockingMask:
    serializedVersion: 2
    m_Bits: 4294967295
--- !u!114 &2032957938
MonoBehaviour:
  m_ObjectHideFlags: 0
  m_PrefabParentObject: {fileID: 0}
  m_PrefabInternal: {fileID: 0}
  m_GameObject: {fileID: 2032957936}
  m_Enabled: 1
  m_EditorHideFlags: 0
  m_Script: {fileID: 1980459831, guid: f5f67c52d1564df4a8936ccd202a3bd8, type: 3}
  m_Name: 
  m_EditorClassIdentifier: 
  m_UiScaleMode: 1
  m_ReferencePixelsPerUnit: 100
  m_ScaleFactor: 1
  m_ReferenceResolution: {x: 1000, y: 600}
  m_ScreenMatchMode: 0
  m_MatchWidthOrHeight: 0
  m_PhysicalUnit: 3
  m_FallbackScreenDPI: 96
  m_DefaultSpriteDPI: 96
  m_DynamicPixelsPerUnit: 1
--- !u!223 &2032957939
Canvas:
  m_ObjectHideFlags: 0
  m_PrefabParentObject: {fileID: 0}
  m_PrefabInternal: {fileID: 0}
  m_GameObject: {fileID: 2032957936}
  m_Enabled: 1
  serializedVersion: 2
  m_RenderMode: 0
  m_Camera: {fileID: 0}
  m_PlaneDistance: 100
  m_PixelPerfect: 0
  m_ReceivesEvents: 1
  m_OverrideSorting: 0
  m_OverridePixelPerfect: 0
  m_SortingLayerID: 0
  m_SortingOrder: 1
--- !u!224 &2032957940
RectTransform:
  m_ObjectHideFlags: 0
  m_PrefabParentObject: {fileID: 0}
  m_PrefabInternal: {fileID: 0}
  m_GameObject: {fileID: 2032957936}
  m_LocalRotation: {x: 0, y: 0, z: 0, w: 1}
  m_LocalPosition: {x: 0, y: 0, z: 0}
  m_LocalScale: {x: 0, y: 0, z: 0}
  m_Children:
  - {fileID: 1590491701}
  - {fileID: 1257020077}
  - {fileID: 1794899754}
  - {fileID: 706927867}
  - {fileID: 1086650245}
  - {fileID: 1631279484}
  - {fileID: 933455650}
  - {fileID: 796673267}
  - {fileID: 1351158238}
  m_Father: {fileID: 0}
  m_RootOrder: 10
  m_AnchorMin: {x: 0, y: 0}
  m_AnchorMax: {x: 0, y: 0}
  m_AnchoredPosition: {x: 0, y: 0}
  m_SizeDelta: {x: 0, y: 0}
  m_Pivot: {x: 0, y: 0}
--- !u!1 &2043816356
GameObject:
  m_ObjectHideFlags: 0
  m_PrefabParentObject: {fileID: 0}
  m_PrefabInternal: {fileID: 0}
  serializedVersion: 4
  m_Component:
  - 224: {fileID: 2043816360}
  - 222: {fileID: 2043816359}
  - 114: {fileID: 2043816358}
  - 225: {fileID: 2043816357}
  m_Layer: 5
  m_Name: RoundEndPanel
  m_TagString: Untagged
  m_Icon: {fileID: 0}
  m_NavMeshLayer: 0
  m_StaticEditorFlags: 0
  m_IsActive: 1
--- !u!225 &2043816357
CanvasGroup:
  m_ObjectHideFlags: 0
  m_PrefabParentObject: {fileID: 0}
  m_PrefabInternal: {fileID: 0}
  m_GameObject: {fileID: 2043816356}
  m_Enabled: 1
  m_Alpha: 0
  m_Interactable: 1
  m_BlocksRaycasts: 1
  m_IgnoreParentGroups: 0
--- !u!114 &2043816358
MonoBehaviour:
  m_ObjectHideFlags: 0
  m_PrefabParentObject: {fileID: 0}
  m_PrefabInternal: {fileID: 0}
  m_GameObject: {fileID: 2043816356}
  m_Enabled: 1
  m_EditorHideFlags: 0
  m_Script: {fileID: -765806418, guid: f5f67c52d1564df4a8936ccd202a3bd8, type: 3}
  m_Name: 
  m_EditorClassIdentifier: 
  m_Material: {fileID: 0}
  m_Color: {r: 1, g: 1, b: 1, a: 1}
  m_RaycastTarget: 1
  m_OnCullStateChanged:
    m_PersistentCalls:
      m_Calls: []
    m_TypeName: UnityEngine.UI.MaskableGraphic+CullStateChangedEvent, UnityEngine.UI,
      Version=1.0.0.0, Culture=neutral, PublicKeyToken=null
  m_Sprite: {fileID: 21300000, guid: 1c58c00155bc24841bfbf54b0d7079ab, type: 3}
  m_Type: 0
  m_PreserveAspect: 0
  m_FillCenter: 1
  m_FillMethod: 4
  m_FillAmount: 1
  m_FillClockwise: 1
  m_FillOrigin: 0
--- !u!222 &2043816359
CanvasRenderer:
  m_ObjectHideFlags: 0
  m_PrefabParentObject: {fileID: 0}
  m_PrefabInternal: {fileID: 0}
  m_GameObject: {fileID: 2043816356}
--- !u!224 &2043816360
RectTransform:
  m_ObjectHideFlags: 0
  m_PrefabParentObject: {fileID: 0}
  m_PrefabInternal: {fileID: 0}
  m_GameObject: {fileID: 2043816356}
  m_LocalRotation: {x: 0, y: 0, z: 0, w: 1}
  m_LocalPosition: {x: 0, y: 0, z: 0}
  m_LocalScale: {x: 1, y: 1, z: 1}
  m_Children: []
  m_Father: {fileID: 575313012}
  m_RootOrder: 1
  m_AnchorMin: {x: 0, y: 0}
  m_AnchorMax: {x: 1, y: 1}
  m_AnchoredPosition: {x: 0, y: 0}
  m_SizeDelta: {x: 0, y: 0}
  m_Pivot: {x: .5, y: .5}
